%YAML 1.1
%TAG !u! tag:unity3d.com,2011:
--- !u!1 &2694010746012220933
GameObject:
  m_ObjectHideFlags: 0
  m_CorrespondingSourceObject: {fileID: 0}
  m_PrefabInstance: {fileID: 0}
  m_PrefabAsset: {fileID: 0}
  serializedVersion: 6
  m_Component:
  - component: {fileID: 2697416015296154747}
  m_Layer: 0
  m_Name: Hand_R
  m_TagString: Untagged
  m_Icon: {fileID: 0}
  m_NavMeshLayer: 0
  m_StaticEditorFlags: 0
  m_IsActive: 1
--- !u!4 &2697416015296154747
Transform:
  m_ObjectHideFlags: 0
  m_CorrespondingSourceObject: {fileID: 0}
  m_PrefabInstance: {fileID: 0}
  m_PrefabAsset: {fileID: 0}
  m_GameObject: {fileID: 2694010746012220933}
  m_LocalRotation: {x: -1.0083177e-16, y: -0.035830766, z: -1.1722682e-15, w: 0.9993579}
  m_LocalPosition: {x: 27.11449, y: -2.842171e-14, z: 0.038136087}
  m_LocalScale: {x: 1, y: 1, z: 1}
  m_Children:
  - {fileID: 2697128345492983247}
  - {fileID: 2697103494647282965}
  - {fileID: 2697104216864050323}
  m_Father: {fileID: 2697870054470248109}
  m_RootOrder: 0
  m_LocalEulerAnglesHint: {x: 0, y: 0, z: 0}
--- !u!1 &2694039325354254803
GameObject:
  m_ObjectHideFlags: 0
  m_CorrespondingSourceObject: {fileID: 0}
  m_PrefabInstance: {fileID: 0}
  m_PrefabAsset: {fileID: 0}
  serializedVersion: 6
  m_Component:
  - component: {fileID: 2698209044942487917}
  - component: {fileID: 2631834455214022931}
  m_Layer: 0
  m_Name: Character_Dummy_Female_01
  m_TagString: Untagged
  m_Icon: {fileID: 0}
  m_NavMeshLayer: 0
  m_StaticEditorFlags: 0
  m_IsActive: 1
--- !u!4 &2698209044942487917
Transform:
  m_ObjectHideFlags: 0
  m_CorrespondingSourceObject: {fileID: 0}
  m_PrefabInstance: {fileID: 0}
  m_PrefabAsset: {fileID: 0}
  m_GameObject: {fileID: 2694039325354254803}
  m_LocalRotation: {x: 0, y: -0, z: -0, w: 1}
  m_LocalPosition: {x: -0, y: 0, z: 0}
  m_LocalScale: {x: 0.01, y: 0.01, z: 0.01}
  m_Children: []
  m_Father: {fileID: 2698015198396586021}
  m_RootOrder: 0
  m_LocalEulerAnglesHint: {x: 0, y: 0, z: 0}
--- !u!137 &2631834455214022931
SkinnedMeshRenderer:
  m_ObjectHideFlags: 0
  m_CorrespondingSourceObject: {fileID: 0}
  m_PrefabInstance: {fileID: 0}
  m_PrefabAsset: {fileID: 0}
  m_GameObject: {fileID: 2694039325354254803}
  m_Enabled: 1
  m_CastShadows: 1
  m_ReceiveShadows: 1
  m_DynamicOccludee: 1
  m_MotionVectors: 1
  m_LightProbeUsage: 1
  m_ReflectionProbeUsage: 1
  m_RayTracingMode: 0
  m_RenderingLayerMask: 1
  m_RendererPriority: 0
  m_Materials:
  - {fileID: 2100000, guid: 41680dad0f0243748b4e228f49a2e3c4, type: 2}
  m_StaticBatchInfo:
    firstSubMesh: 0
    subMeshCount: 0
  m_StaticBatchRoot: {fileID: 0}
  m_ProbeAnchor: {fileID: 0}
  m_LightProbeVolumeOverride: {fileID: 0}
  m_ScaleInLightmap: 1
  m_ReceiveGI: 1
  m_PreserveUVs: 0
  m_IgnoreNormalsForChartDetection: 0
  m_ImportantGI: 0
  m_StitchLightmapSeams: 1
  m_SelectedEditorRenderState: 3
  m_MinimumChartSize: 4
  m_AutoUVMaxDistance: 0.5
  m_AutoUVMaxAngle: 89
  m_LightmapParameters: {fileID: 0}
  m_SortingLayerID: 0
  m_SortingLayer: 0
  m_SortingOrder: 0
  serializedVersion: 2
  m_Quality: 0
  m_UpdateWhenOffscreen: 0
  m_SkinnedMotionVectors: 1
  m_Mesh: {fileID: 4300010, guid: b5f71c859f9f9bf41badda8a4650082c, type: 3}
  m_Bones:
  - {fileID: 2697458320261766953}
  - {fileID: 2697932447440081463}
  - {fileID: 2697517838555441595}
  - {fileID: 2697827998883571913}
  - {fileID: 2697661985529530025}
  - {fileID: 2697441374605801251}
  - {fileID: 2697282348999866939}
  - {fileID: 2697503094305026141}
  - {fileID: 2697806735922253915}
  - {fileID: 2698183509611510817}
  - {fileID: 2698053207686092345}
  - {fileID: 2698109408880274071}
  - {fileID: 2697143776362810533}
  - {fileID: 2698129158703981669}
  - {fileID: 2698084957381394533}
  - {fileID: 2698180388896665935}
  - {fileID: 2697917224154645589}
  - {fileID: 2697543853382580173}
  - {fileID: 2697499949892251273}
  - {fileID: 2697285428780992417}
  - {fileID: 2698051925671063699}
  - {fileID: 2697723125441158853}
  - {fileID: 2697300243696757367}
  - {fileID: 2698062163893913735}
  - {fileID: 2697646334783844283}
  - {fileID: 2697142741437795927}
  - {fileID: 2697870054470248109}
  - {fileID: 2697416015296154747}
  - {fileID: 2697104216864050323}
  - {fileID: 2697218163568712095}
  - {fileID: 2697179309847542353}
  - {fileID: 2697103494647282965}
  - {fileID: 2697243905028864763}
  - {fileID: 2697576944643507955}
  - {fileID: 2697435820053746173}
  - {fileID: 2697128345492983247}
  - {fileID: 2697574077159520985}
  - {fileID: 2697517285001187937}
  - {fileID: 2698212435702129841}
  - {fileID: 2697794659921049043}
  - {fileID: 2697142127279198179}
  - {fileID: 2697159485301538725}
  - {fileID: 2697884613374398127}
  - {fileID: 2697562150106609957}
  - {fileID: 2698168703769437761}
  - {fileID: 2697567472628284407}
  - {fileID: 2697642715953906113}
  - {fileID: 2697524431048290087}
  - {fileID: 2697765647432709059}
  m_BlendShapeWeights: []
  m_RootBone: {fileID: 2697458320261766953}
  m_AABB:
    m_Center: {x: 0, y: 85.54445, z: -0.17533779}
    m_Extent: {x: 102.7469, y: 93.30795, z: 16.755741}
  m_DirtyAABB: 0
--- !u!1 &2694041911371218975
GameObject:
  m_ObjectHideFlags: 0
  m_CorrespondingSourceObject: {fileID: 0}
  m_PrefabInstance: {fileID: 0}
  m_PrefabAsset: {fileID: 0}
  serializedVersion: 6
  m_Component:
  - component: {fileID: 2697806735922253915}
  m_Layer: 0
  m_Name: Eyebrows
  m_TagString: Untagged
  m_Icon: {fileID: 0}
  m_NavMeshLayer: 0
  m_StaticEditorFlags: 0
  m_IsActive: 1
--- !u!4 &2697806735922253915
Transform:
  m_ObjectHideFlags: 0
  m_CorrespondingSourceObject: {fileID: 0}
  m_PrefabInstance: {fileID: 0}
  m_PrefabAsset: {fileID: 0}
  m_GameObject: {fileID: 2694041911371218975}
  m_LocalRotation: {x: 0, y: -0, z: -0, w: 1}
  m_LocalPosition: {x: 2.524355e-29, y: 12.76692, z: 12.272215}
  m_LocalScale: {x: 1, y: 1, z: 1}
  m_Children: []
  m_Father: {fileID: 2697282348999866939}
  m_RootOrder: 0
  m_LocalEulerAnglesHint: {x: 0, y: 0, z: 0}
--- !u!1 &2694086106201236479
GameObject:
  m_ObjectHideFlags: 0
  m_CorrespondingSourceObject: {fileID: 0}
  m_PrefabInstance: {fileID: 0}
  m_PrefabAsset: {fileID: 0}
  serializedVersion: 6
  m_Component:
  - component: {fileID: 2697285428780992417}
  m_Layer: 0
  m_Name: IndexFinger_04
  m_TagString: Untagged
  m_Icon: {fileID: 0}
  m_NavMeshLayer: 0
  m_StaticEditorFlags: 0
  m_IsActive: 1
--- !u!4 &2697285428780992417
Transform:
  m_ObjectHideFlags: 0
  m_CorrespondingSourceObject: {fileID: 0}
  m_PrefabInstance: {fileID: 0}
  m_PrefabAsset: {fileID: 0}
  m_GameObject: {fileID: 2694086106201236479}
  m_LocalRotation: {x: -0.0045196484, y: -0.028039929, z: -0.15906802, w: 0.986859}
  m_LocalPosition: {x: -3.779794, y: -1.9284054e-14, z: -9.992007e-16}
  m_LocalScale: {x: 1, y: 1, z: 1}
  m_Children: []
  m_Father: {fileID: 2697499949892251273}
  m_RootOrder: 0
  m_LocalEulerAnglesHint: {x: 0, y: 0, z: 0}
--- !u!1 &2694121715945947339
GameObject:
  m_ObjectHideFlags: 0
  m_CorrespondingSourceObject: {fileID: 0}
  m_PrefabInstance: {fileID: 0}
  m_PrefabAsset: {fileID: 0}
  serializedVersion: 6
  m_Component:
  - component: {fileID: 2697503094305026141}
  m_Layer: 0
  m_Name: Eyes
  m_TagString: Untagged
  m_Icon: {fileID: 0}
  m_NavMeshLayer: 0
  m_StaticEditorFlags: 0
  m_IsActive: 1
--- !u!4 &2697503094305026141
Transform:
  m_ObjectHideFlags: 0
  m_CorrespondingSourceObject: {fileID: 0}
  m_PrefabInstance: {fileID: 0}
  m_PrefabAsset: {fileID: 0}
  m_GameObject: {fileID: 2694121715945947339}
  m_LocalRotation: {x: 0, y: -0, z: -0, w: 1}
  m_LocalPosition: {x: -2.0510384e-29, y: 9.447606, z: 12.272215}
  m_LocalScale: {x: 1, y: 1, z: 1}
  m_Children: []
  m_Father: {fileID: 2697282348999866939}
  m_RootOrder: 1
  m_LocalEulerAnglesHint: {x: 0, y: 0, z: 0}
--- !u!1 &2694321715856460431
GameObject:
  m_ObjectHideFlags: 0
  m_CorrespondingSourceObject: {fileID: 0}
  m_PrefabInstance: {fileID: 0}
  m_PrefabAsset: {fileID: 0}
  serializedVersion: 6
  m_Component:
  - component: {fileID: 2697218163568712095}
  m_Layer: 0
  m_Name: Thumb_02 1
  m_TagString: Untagged
  m_Icon: {fileID: 0}
  m_NavMeshLayer: 0
  m_StaticEditorFlags: 0
  m_IsActive: 1
--- !u!4 &2697218163568712095
Transform:
  m_ObjectHideFlags: 0
  m_CorrespondingSourceObject: {fileID: 0}
  m_PrefabInstance: {fileID: 0}
  m_PrefabAsset: {fileID: 0}
  m_GameObject: {fileID: 2694321715856460431}
  m_LocalRotation: {x: -0.039942026, y: -0.1178403, z: 0.14163578, w: 0.98206806}
  m_LocalPosition: {x: 6.370146, y: -0.0007811825, z: 0.000043638116}
  m_LocalScale: {x: 1, y: 1, z: 1}
  m_Children:
  - {fileID: 2697179309847542353}
  m_Father: {fileID: 2697104216864050323}
  m_RootOrder: 0
  m_LocalEulerAnglesHint: {x: 0, y: 0, z: 0}
--- !u!1 &2694325170034053055
GameObject:
  m_ObjectHideFlags: 0
  m_CorrespondingSourceObject: {fileID: 0}
  m_PrefabInstance: {fileID: 0}
  m_PrefabAsset: {fileID: 0}
  serializedVersion: 6
  m_Component:
  - component: {fileID: 2697574077159520985}
  m_Layer: 0
  m_Name: Finger_02 1
  m_TagString: Untagged
  m_Icon: {fileID: 0}
  m_NavMeshLayer: 0
  m_StaticEditorFlags: 0
  m_IsActive: 1
--- !u!4 &2697574077159520985
Transform:
  m_ObjectHideFlags: 0
  m_CorrespondingSourceObject: {fileID: 0}
  m_PrefabInstance: {fileID: 0}
  m_PrefabAsset: {fileID: 0}
  m_GameObject: {fileID: 2694325170034053055}
  m_LocalRotation: {x: 0.0026372706, y: 0.019492026, z: 0.02126933, w: 0.99958026}
  m_LocalPosition: {x: 4.2488093, y: 0.000026534415, z: -0.0000019789932}
  m_LocalScale: {x: 1, y: 1, z: 1}
  m_Children:
  - {fileID: 2697517285001187937}
  m_Father: {fileID: 2697128345492983247}
  m_RootOrder: 0
  m_LocalEulerAnglesHint: {x: 0, y: 0, z: 0}
--- !u!1 &2694356753837022089
GameObject:
  m_ObjectHideFlags: 0
  m_CorrespondingSourceObject: {fileID: 0}
  m_PrefabInstance: {fileID: 0}
  m_PrefabAsset: {fileID: 0}
  serializedVersion: 6
  m_Component:
  - component: {fileID: 2697642715953906113}
  m_Layer: 0
  m_Name: Ankle_L
  m_TagString: Untagged
  m_Icon: {fileID: 0}
  m_NavMeshLayer: 0
  m_StaticEditorFlags: 0
  m_IsActive: 1
--- !u!4 &2697642715953906113
Transform:
  m_ObjectHideFlags: 0
  m_CorrespondingSourceObject: {fileID: 0}
  m_PrefabInstance: {fileID: 0}
  m_PrefabAsset: {fileID: 0}
  m_GameObject: {fileID: 2694356753837022089}
  m_LocalRotation: {x: 0.85767007, y: 0.507213, z: 0.039752707, w: -0.0745436}
  m_LocalPosition: {x: 37.712326, y: 0.000013169495, z: -0.00008411038}
  m_LocalScale: {x: 1, y: 1, z: 1}
  m_Children:
  - {fileID: 2697524431048290087}
  m_Father: {fileID: 2697567472628284407}
  m_RootOrder: 0
  m_LocalEulerAnglesHint: {x: 0, y: 0, z: 0}
--- !u!1 &2694360816522617471
GameObject:
  m_ObjectHideFlags: 0
  m_CorrespondingSourceObject: {fileID: 0}
  m_PrefabInstance: {fileID: 0}
  m_PrefabAsset: {fileID: 0}
  serializedVersion: 6
  m_Component:
  - component: {fileID: 2697932447440081463}
  m_Layer: 0
  m_Name: Hips
  m_TagString: Untagged
  m_Icon: {fileID: 0}
  m_NavMeshLayer: 0
  m_StaticEditorFlags: 0
  m_IsActive: 1
--- !u!4 &2697932447440081463
Transform:
  m_ObjectHideFlags: 0
  m_CorrespondingSourceObject: {fileID: 0}
  m_PrefabInstance: {fileID: 0}
  m_PrefabAsset: {fileID: 0}
  m_GameObject: {fileID: 2694360816522617471}
  m_LocalRotation: {x: 0.46113664, y: -0.5360532, z: -0.46113664, w: 0.5360532}
  m_LocalPosition: {x: -0, y: 87.62761, z: 0}
  m_LocalScale: {x: 1, y: 1, z: 1}
  m_Children:
  - {fileID: 2697517838555441595}
  - {fileID: 2698168703769437761}
  - {fileID: 2697794659921049043}
  m_Father: {fileID: 2697458320261766953}
  m_RootOrder: 0
  m_LocalEulerAnglesHint: {x: 0, y: 0, z: 0}
--- !u!1 &2694398009212020845
GameObject:
  m_ObjectHideFlags: 0
  m_CorrespondingSourceObject: {fileID: 0}
  m_PrefabInstance: {fileID: 0}
  m_PrefabAsset: {fileID: 0}
  serializedVersion: 6
  m_Component:
  - component: {fileID: 2698053207686092345}
  m_Layer: 0
  m_Name: Shoulder_L
  m_TagString: Untagged
  m_Icon: {fileID: 0}
  m_NavMeshLayer: 0
  m_StaticEditorFlags: 0
  m_IsActive: 1
--- !u!4 &2698053207686092345
Transform:
  m_ObjectHideFlags: 0
  m_CorrespondingSourceObject: {fileID: 0}
  m_PrefabInstance: {fileID: 0}
  m_PrefabAsset: {fileID: 0}
  m_GameObject: {fileID: 2694398009212020845}
  m_LocalRotation: {x: 0.0113281235, y: 0.23685996, z: 0.03380652, w: 0.9708894}
  m_LocalPosition: {x: -13.197872, y: -4.8572257e-17, z: -2.6645353e-15}
  m_LocalScale: {x: 1, y: 1, z: 1}
  m_Children:
  - {fileID: 2698109408880274071}
  m_Father: {fileID: 2698183509611510817}
  m_RootOrder: 0
  m_LocalEulerAnglesHint: {x: 0, y: 0, z: 0}
--- !u!1 &2694421807690468411
GameObject:
  m_ObjectHideFlags: 0
  m_CorrespondingSourceObject: {fileID: 0}
  m_PrefabInstance: {fileID: 0}
  m_PrefabAsset: {fileID: 0}
  serializedVersion: 6
  m_Component:
  - component: {fileID: 2697504049054865191}
  - component: {fileID: 2632256681222806179}
  m_Layer: 0
  m_Name: Character_Dummy_Male_01
  m_TagString: Untagged
  m_Icon: {fileID: 0}
  m_NavMeshLayer: 0
  m_StaticEditorFlags: 0
  m_IsActive: 0
--- !u!4 &2697504049054865191
Transform:
  m_ObjectHideFlags: 0
  m_CorrespondingSourceObject: {fileID: 0}
  m_PrefabInstance: {fileID: 0}
  m_PrefabAsset: {fileID: 0}
  m_GameObject: {fileID: 2694421807690468411}
  m_LocalRotation: {x: 0, y: -0, z: -0, w: 1}
  m_LocalPosition: {x: -0, y: 0, z: 0}
  m_LocalScale: {x: 0.01, y: 0.01, z: 0.01}
  m_Children: []
  m_Father: {fileID: 2698015198396586021}
  m_RootOrder: 1
  m_LocalEulerAnglesHint: {x: 0, y: 0, z: 0}
--- !u!137 &2632256681222806179
SkinnedMeshRenderer:
  m_ObjectHideFlags: 0
  m_CorrespondingSourceObject: {fileID: 0}
  m_PrefabInstance: {fileID: 0}
  m_PrefabAsset: {fileID: 0}
  m_GameObject: {fileID: 2694421807690468411}
  m_Enabled: 1
  m_CastShadows: 1
  m_ReceiveShadows: 1
  m_DynamicOccludee: 1
  m_MotionVectors: 1
  m_LightProbeUsage: 1
  m_ReflectionProbeUsage: 1
  m_RayTracingMode: 0
  m_RenderingLayerMask: 1
  m_RendererPriority: 0
  m_Materials:
  - {fileID: 2100000, guid: 41680dad0f0243748b4e228f49a2e3c4, type: 2}
  m_StaticBatchInfo:
    firstSubMesh: 0
    subMeshCount: 0
  m_StaticBatchRoot: {fileID: 0}
  m_ProbeAnchor: {fileID: 0}
  m_LightProbeVolumeOverride: {fileID: 0}
  m_ScaleInLightmap: 1
  m_ReceiveGI: 1
  m_PreserveUVs: 0
  m_IgnoreNormalsForChartDetection: 0
  m_ImportantGI: 0
  m_StitchLightmapSeams: 1
  m_SelectedEditorRenderState: 3
  m_MinimumChartSize: 4
  m_AutoUVMaxDistance: 0.5
  m_AutoUVMaxAngle: 89
  m_LightmapParameters: {fileID: 0}
  m_SortingLayerID: 0
  m_SortingLayer: 0
  m_SortingOrder: 0
  serializedVersion: 2
  m_Quality: 0
  m_UpdateWhenOffscreen: 0
  m_SkinnedMotionVectors: 1
  m_Mesh: {fileID: 4300008, guid: b5f71c859f9f9bf41badda8a4650082c, type: 3}
  m_Bones:
  - {fileID: 2697458320261766953}
  - {fileID: 2697932447440081463}
  - {fileID: 2697517838555441595}
  - {fileID: 2697827998883571913}
  - {fileID: 2697661985529530025}
  - {fileID: 2697441374605801251}
  - {fileID: 2697282348999866939}
  - {fileID: 2697503094305026141}
  - {fileID: 2697806735922253915}
  - {fileID: 2698183509611510817}
  - {fileID: 2698053207686092345}
  - {fileID: 2698109408880274071}
  - {fileID: 2697143776362810533}
  - {fileID: 2698129158703981669}
  - {fileID: 2698084957381394533}
  - {fileID: 2698180388896665935}
  - {fileID: 2697917224154645589}
  - {fileID: 2697543853382580173}
  - {fileID: 2697499949892251273}
  - {fileID: 2697285428780992417}
  - {fileID: 2698051925671063699}
  - {fileID: 2697723125441158853}
  - {fileID: 2697300243696757367}
  - {fileID: 2698062163893913735}
  - {fileID: 2697646334783844283}
  - {fileID: 2697142741437795927}
  - {fileID: 2697870054470248109}
  - {fileID: 2697416015296154747}
  - {fileID: 2697104216864050323}
  - {fileID: 2697218163568712095}
  - {fileID: 2697179309847542353}
  - {fileID: 2697103494647282965}
  - {fileID: 2697243905028864763}
  - {fileID: 2697576944643507955}
  - {fileID: 2697435820053746173}
  - {fileID: 2697128345492983247}
  - {fileID: 2697574077159520985}
  - {fileID: 2697517285001187937}
  - {fileID: 2698212435702129841}
  - {fileID: 2697794659921049043}
  - {fileID: 2697142127279198179}
  - {fileID: 2697159485301538725}
  - {fileID: 2697884613374398127}
  - {fileID: 2697562150106609957}
  - {fileID: 2698168703769437761}
  - {fileID: 2697567472628284407}
  - {fileID: 2697642715953906113}
  - {fileID: 2697524431048290087}
  - {fileID: 2697765647432709059}
  m_BlendShapeWeights: []
  m_RootBone: {fileID: 2697458320261766953}
  m_AABB:
    m_Center: {x: 0, y: 85.52081, z: -0.8454952}
    m_Extent: {x: 102.7469, y: 93.28432, z: 16.079613}
  m_DirtyAABB: 0
--- !u!1 &2694422067211226671
GameObject:
  m_ObjectHideFlags: 0
  m_CorrespondingSourceObject: {fileID: 0}
  m_PrefabInstance: {fileID: 0}
  m_PrefabAsset: {fileID: 0}
  serializedVersion: 6
  m_Component:
  - component: {fileID: 2697646334783844283}
  m_Layer: 0
  m_Name: Clavicle_R
  m_TagString: Untagged
  m_Icon: {fileID: 0}
  m_NavMeshLayer: 0
  m_StaticEditorFlags: 0
  m_IsActive: 1
--- !u!4 &2697646334783844283
Transform:
  m_ObjectHideFlags: 0
  m_CorrespondingSourceObject: {fileID: 0}
  m_PrefabInstance: {fileID: 0}
  m_PrefabAsset: {fileID: 0}
  m_GameObject: {fileID: 2694422067211226671}
  m_LocalRotation: {x: 0.63248575, y: 0.5785476, z: 0.37547135, w: -0.35251346}
  m_LocalPosition: {x: -5.801534, y: -4.191418, z: 7.44715}
  m_LocalScale: {x: 1, y: 1, z: 1}
  m_Children:
  - {fileID: 2697142741437795927}
  m_Father: {fileID: 2697661985529530025}
  m_RootOrder: 1
  m_LocalEulerAnglesHint: {x: 0, y: 0, z: 0}
--- !u!1 &2694426940575518035
GameObject:
  m_ObjectHideFlags: 0
  m_CorrespondingSourceObject: {fileID: 0}
  m_PrefabInstance: {fileID: 0}
  m_PrefabAsset: {fileID: 0}
  serializedVersion: 6
  m_Component:
  - component: {fileID: 2697424365744757821}
  - component: {fileID: 2632109167897822151}
  m_Layer: 0
  m_Name: Character_Male_Face_01
  m_TagString: Untagged
  m_Icon: {fileID: 0}
  m_NavMeshLayer: 0
  m_StaticEditorFlags: 0
  m_IsActive: 0
--- !u!4 &2697424365744757821
Transform:
  m_ObjectHideFlags: 0
  m_CorrespondingSourceObject: {fileID: 0}
  m_PrefabInstance: {fileID: 0}
  m_PrefabAsset: {fileID: 0}
  m_GameObject: {fileID: 2694426940575518035}
  m_LocalRotation: {x: 0, y: -0, z: -0, w: 1}
  m_LocalPosition: {x: -0, y: 0, z: 0}
  m_LocalScale: {x: 0.01, y: 0.01, z: 0.01}
  m_Children: []
  m_Father: {fileID: 2698015198396586021}
  m_RootOrder: 4
  m_LocalEulerAnglesHint: {x: 0, y: 0, z: 0}
--- !u!137 &2632109167897822151
SkinnedMeshRenderer:
  m_ObjectHideFlags: 0
  m_CorrespondingSourceObject: {fileID: 0}
  m_PrefabInstance: {fileID: 0}
  m_PrefabAsset: {fileID: 0}
  m_GameObject: {fileID: 2694426940575518035}
  m_Enabled: 1
  m_CastShadows: 1
  m_ReceiveShadows: 1
  m_DynamicOccludee: 1
  m_MotionVectors: 1
  m_LightProbeUsage: 1
  m_ReflectionProbeUsage: 1
  m_RayTracingMode: 0
  m_RenderingLayerMask: 1
  m_RendererPriority: 0
  m_Materials:
  - {fileID: 2100000, guid: 41680dad0f0243748b4e228f49a2e3c4, type: 2}
  m_StaticBatchInfo:
    firstSubMesh: 0
    subMeshCount: 0
  m_StaticBatchRoot: {fileID: 0}
  m_ProbeAnchor: {fileID: 0}
  m_LightProbeVolumeOverride: {fileID: 0}
  m_ScaleInLightmap: 1
  m_ReceiveGI: 1
  m_PreserveUVs: 0
  m_IgnoreNormalsForChartDetection: 0
  m_ImportantGI: 0
  m_StitchLightmapSeams: 1
  m_SelectedEditorRenderState: 3
  m_MinimumChartSize: 4
  m_AutoUVMaxDistance: 0.5
  m_AutoUVMaxAngle: 89
  m_LightmapParameters: {fileID: 0}
  m_SortingLayerID: 0
  m_SortingLayer: 0
  m_SortingOrder: 0
  serializedVersion: 2
  m_Quality: 0
  m_UpdateWhenOffscreen: 0
  m_SkinnedMotionVectors: 1
  m_Mesh: {fileID: 4300000, guid: b5f71c859f9f9bf41badda8a4650082c, type: 3}
  m_Bones:
  - {fileID: 2697458320261766953}
  - {fileID: 2697932447440081463}
  - {fileID: 2697517838555441595}
  - {fileID: 2697827998883571913}
  - {fileID: 2697661985529530025}
  - {fileID: 2697441374605801251}
  - {fileID: 2697282348999866939}
  - {fileID: 2697503094305026141}
  - {fileID: 2697806735922253915}
  - {fileID: 2698183509611510817}
  - {fileID: 2698053207686092345}
  - {fileID: 2698109408880274071}
  - {fileID: 2697143776362810533}
  - {fileID: 2698129158703981669}
  - {fileID: 2698084957381394533}
  - {fileID: 2698180388896665935}
  - {fileID: 2697917224154645589}
  - {fileID: 2697543853382580173}
  - {fileID: 2697499949892251273}
  - {fileID: 2697285428780992417}
  - {fileID: 2698051925671063699}
  - {fileID: 2697723125441158853}
  - {fileID: 2697300243696757367}
  - {fileID: 2698062163893913735}
  - {fileID: 2697646334783844283}
  - {fileID: 2697142741437795927}
  - {fileID: 2697870054470248109}
  - {fileID: 2697416015296154747}
  - {fileID: 2697104216864050323}
  - {fileID: 2697218163568712095}
  - {fileID: 2697179309847542353}
  - {fileID: 2697103494647282965}
  - {fileID: 2697243905028864763}
  - {fileID: 2697576944643507955}
  - {fileID: 2697435820053746173}
  - {fileID: 2697128345492983247}
  - {fileID: 2697574077159520985}
  - {fileID: 2697517285001187937}
  - {fileID: 2698212435702129841}
  - {fileID: 2697794659921049043}
  - {fileID: 2697142127279198179}
  - {fileID: 2697159485301538725}
  - {fileID: 2697884613374398127}
  - {fileID: 2697562150106609957}
  - {fileID: 2698168703769437761}
  - {fileID: 2697567472628284407}
  - {fileID: 2697642715953906113}
  - {fileID: 2697524431048290087}
  - {fileID: 2697765647432709059}
  m_BlendShapeWeights: []
  m_RootBone: {fileID: 2697458320261766953}
  m_AABB:
    m_Center: {x: -0.0000038146973, y: 84.34789, z: -4.0967493}
    m_Extent: {x: 102.45618, y: 94.45724, z: 20.547234}
  m_DirtyAABB: 0
--- !u!1 &2694428916118928903
GameObject:
  m_ObjectHideFlags: 0
  m_CorrespondingSourceObject: {fileID: 0}
  m_PrefabInstance: {fileID: 0}
  m_PrefabAsset: {fileID: 0}
  serializedVersion: 6
  m_Component:
  - component: {fileID: 2698212435702129841}
  m_Layer: 0
  m_Name: Finger_04 1
  m_TagString: Untagged
  m_Icon: {fileID: 0}
  m_NavMeshLayer: 0
  m_StaticEditorFlags: 0
  m_IsActive: 1
--- !u!4 &2698212435702129841
Transform:
  m_ObjectHideFlags: 0
  m_CorrespondingSourceObject: {fileID: 0}
  m_PrefabInstance: {fileID: 0}
  m_PrefabAsset: {fileID: 0}
  m_GameObject: {fileID: 2694428916118928903}
  m_LocalRotation: {x: 0.01664637, y: 0.096525334, z: -0.16913006, w: 0.98071444}
  m_LocalPosition: {x: 3.003113, y: 0.00011334714, z: 0.00003591099}
  m_LocalScale: {x: 1, y: 1, z: 1}
  m_Children: []
  m_Father: {fileID: 2697517285001187937}
  m_RootOrder: 0
  m_LocalEulerAnglesHint: {x: 0, y: 0, z: 0}
--- !u!1 &2694430177974189575
GameObject:
  m_ObjectHideFlags: 0
  m_CorrespondingSourceObject: {fileID: 0}
  m_PrefabInstance: {fileID: 0}
  m_PrefabAsset: {fileID: 0}
  serializedVersion: 6
  m_Component:
  - component: {fileID: 2697300243696757367}
  m_Layer: 0
  m_Name: Finger_03
  m_TagString: Untagged
  m_Icon: {fileID: 0}
  m_NavMeshLayer: 0
  m_StaticEditorFlags: 0
  m_IsActive: 1
--- !u!4 &2697300243696757367
Transform:
  m_ObjectHideFlags: 0
  m_CorrespondingSourceObject: {fileID: 0}
  m_PrefabInstance: {fileID: 0}
  m_PrefabAsset: {fileID: 0}
  m_GameObject: {fileID: 2694430177974189575}
  m_LocalRotation: {x: -0.018149227, y: -0.07147895, z: 0.09251083, w: 0.9929769}
  m_LocalPosition: {x: -3.5133274, y: -3.00324e-14, z: 3.7747583e-15}
  m_LocalScale: {x: 1, y: 1, z: 1}
  m_Children:
  - {fileID: 2698062163893913735}
  m_Father: {fileID: 2697723125441158853}
  m_RootOrder: 0
  m_LocalEulerAnglesHint: {x: 0, y: 0, z: 0}
--- !u!1 &2694433662291832341
GameObject:
  m_ObjectHideFlags: 0
  m_CorrespondingSourceObject: {fileID: 0}
  m_PrefabInstance: {fileID: 0}
  m_PrefabAsset: {fileID: 0}
  serializedVersion: 6
  m_Component:
  - component: {fileID: 2697458320261766953}
  m_Layer: 0
  m_Name: Root
  m_TagString: Untagged
  m_Icon: {fileID: 0}
  m_NavMeshLayer: 0
  m_StaticEditorFlags: 0
  m_IsActive: 1
--- !u!4 &2697458320261766953
Transform:
  m_ObjectHideFlags: 0
  m_CorrespondingSourceObject: {fileID: 0}
  m_PrefabInstance: {fileID: 0}
  m_PrefabAsset: {fileID: 0}
  m_GameObject: {fileID: 2694433662291832341}
  m_LocalRotation: {x: 0, y: -0, z: -0, w: 1}
  m_LocalPosition: {x: -0, y: 0, z: 0}
  m_LocalScale: {x: 0.01, y: 0.01, z: 0.01}
  m_Children:
  - {fileID: 2697932447440081463}
  m_Father: {fileID: 2698015198396586021}
  m_RootOrder: 6
  m_LocalEulerAnglesHint: {x: 0, y: 0, z: 0}
--- !u!1 &2694443812481826269
GameObject:
  m_ObjectHideFlags: 0
  m_CorrespondingSourceObject: {fileID: 0}
  m_PrefabInstance: {fileID: 0}
  m_PrefabAsset: {fileID: 0}
  serializedVersion: 6
  m_Component:
  - component: {fileID: 2697917224154645589}
  m_Layer: 0
  m_Name: IndexFinger_01
  m_TagString: Untagged
  m_Icon: {fileID: 0}
  m_NavMeshLayer: 0
  m_StaticEditorFlags: 0
  m_IsActive: 1
--- !u!4 &2697917224154645589
Transform:
  m_ObjectHideFlags: 0
  m_CorrespondingSourceObject: {fileID: 0}
  m_PrefabInstance: {fileID: 0}
  m_PrefabAsset: {fileID: 0}
  m_GameObject: {fileID: 2694443812481826269}
  m_LocalRotation: {x: 0.00028049533, y: 0.065794446, z: 0.004253931, w: 0.99782413}
  m_LocalPosition: {x: -10.396562, y: 0.39871514, z: 2.6726496}
  m_LocalScale: {x: 1, y: 1, z: 1}
  m_Children:
  - {fileID: 2697543853382580173}
  m_Father: {fileID: 2697143776362810533}
  m_RootOrder: 1
  m_LocalEulerAnglesHint: {x: 0, y: 0, z: 0}
--- !u!1 &2694448424091694861
GameObject:
  m_ObjectHideFlags: 0
  m_CorrespondingSourceObject: {fileID: 0}
  m_PrefabInstance: {fileID: 0}
  m_PrefabAsset: {fileID: 0}
  serializedVersion: 6
  m_Component:
  - component: {fileID: 2697142127279198179}
  m_Layer: 0
  m_Name: LowerLeg_R
  m_TagString: Untagged
  m_Icon: {fileID: 0}
  m_NavMeshLayer: 0
  m_StaticEditorFlags: 0
  m_IsActive: 1
--- !u!4 &2697142127279198179
Transform:
  m_ObjectHideFlags: 0
  m_CorrespondingSourceObject: {fileID: 0}
  m_PrefabInstance: {fileID: 0}
  m_PrefabAsset: {fileID: 0}
  m_GameObject: {fileID: 2694448424091694861}
  m_LocalRotation: {x: 0.64437777, y: 0.024462728, z: -0.00473771, w: 0.7643013}
  m_LocalPosition: {x: -39.930904, y: -6.8833828e-15, z: -5.3342145e-15}
  m_LocalScale: {x: 1, y: 1, z: 1}
  m_Children:
  - {fileID: 2697159485301538725}
  m_Father: {fileID: 2697794659921049043}
  m_RootOrder: 0
  m_LocalEulerAnglesHint: {x: 0, y: 0, z: 0}
--- !u!1 &2694461965388593717
GameObject:
  m_ObjectHideFlags: 0
  m_CorrespondingSourceObject: {fileID: 0}
  m_PrefabInstance: {fileID: 0}
  m_PrefabAsset: {fileID: 0}
  serializedVersion: 6
  m_Component:
  - component: {fileID: 2697661985529530025}
  m_Layer: 0
  m_Name: Spine_03
  m_TagString: Untagged
  m_Icon: {fileID: 0}
  m_NavMeshLayer: 0
  m_StaticEditorFlags: 0
  m_IsActive: 1
--- !u!4 &2697661985529530025
Transform:
  m_ObjectHideFlags: 0
  m_CorrespondingSourceObject: {fileID: 0}
  m_PrefabInstance: {fileID: 0}
  m_PrefabAsset: {fileID: 0}
  m_GameObject: {fileID: 2694461965388593717}
  m_LocalRotation: {x: 0.9938103, y: -0.11109032, z: -3.483493e-17, w: -6.5507636e-17}
  m_LocalPosition: {x: -17.903725, y: 2.220446e-15, z: 7.5097255e-15}
  m_LocalScale: {x: 1, y: 1, z: 1}
  m_Children:
  - {fileID: 2698183509611510817}
  - {fileID: 2697646334783844283}
  - {fileID: 2697441374605801251}
  m_Father: {fileID: 2697827998883571913}
  m_RootOrder: 0
  m_LocalEulerAnglesHint: {x: 0, y: 0, z: 0}
--- !u!1 &2694465260500580701
GameObject:
  m_ObjectHideFlags: 0
  m_CorrespondingSourceObject: {fileID: 0}
  m_PrefabInstance: {fileID: 0}
  m_PrefabAsset: {fileID: 0}
  serializedVersion: 6
  m_Component:
  - component: {fileID: 2697765647432709059}
  m_Layer: 0
  m_Name: Toes_L
  m_TagString: Untagged
  m_Icon: {fileID: 0}
  m_NavMeshLayer: 0
  m_StaticEditorFlags: 0
  m_IsActive: 1
--- !u!4 &2697765647432709059
Transform:
  m_ObjectHideFlags: 0
  m_CorrespondingSourceObject: {fileID: 0}
  m_PrefabInstance: {fileID: 0}
  m_PrefabAsset: {fileID: 0}
  m_GameObject: {fileID: 2694465260500580701}
  m_LocalRotation: {x: -2.7376528e-13, y: -0.7071068, z: -2.7376528e-13, w: 0.7071068}
  m_LocalPosition: {x: 7.29575, y: 2.6645353e-15, z: 1.7763568e-15}
  m_LocalScale: {x: 1, y: 1, z: 1}
  m_Children: []
  m_Father: {fileID: 2697524431048290087}
  m_RootOrder: 0
  m_LocalEulerAnglesHint: {x: 0, y: 0, z: 0}
--- !u!1 &2694466551777054355
GameObject:
  m_ObjectHideFlags: 0
  m_CorrespondingSourceObject: {fileID: 0}
  m_PrefabInstance: {fileID: 0}
  m_PrefabAsset: {fileID: 0}
  serializedVersion: 6
  m_Component:
  - component: {fileID: 2697282348999866939}
  m_Layer: 0
  m_Name: Head
  m_TagString: Untagged
  m_Icon: {fileID: 0}
  m_NavMeshLayer: 0
  m_StaticEditorFlags: 0
  m_IsActive: 1
--- !u!4 &2697282348999866939
Transform:
  m_ObjectHideFlags: 0
  m_CorrespondingSourceObject: {fileID: 0}
  m_PrefabInstance: {fileID: 0}
  m_PrefabAsset: {fileID: 0}
  m_GameObject: {fileID: 2694466551777054355}
  m_LocalRotation: {x: 0.458571, y: -0.5382496, z: 0.458571, w: 0.5382496}
  m_LocalPosition: {x: -12.164435, y: -1.5099033e-14, z: -5.059176e-15}
  m_LocalScale: {x: 1, y: 1, z: 1}
  m_Children:
  - {fileID: 2697806735922253915}
  - {fileID: 2697503094305026141}
  m_Father: {fileID: 2697441374605801251}
  m_RootOrder: 0
  m_LocalEulerAnglesHint: {x: 0, y: 0, z: 0}
--- !u!1 &2694480036475289325
GameObject:
  m_ObjectHideFlags: 0
  m_CorrespondingSourceObject: {fileID: 0}
  m_PrefabInstance: {fileID: 0}
  m_PrefabAsset: {fileID: 0}
  serializedVersion: 6
  m_Component:
  - component: {fileID: 2698015198396586021}
  - component: {fileID: 2608706757070229733}
  m_Layer: 0
  m_Name: Character_Dummy_Female_01
  m_TagString: Untagged
  m_Icon: {fileID: 0}
  m_NavMeshLayer: 0
  m_StaticEditorFlags: 0
  m_IsActive: 1
--- !u!4 &2698015198396586021
Transform:
  m_ObjectHideFlags: 0
  m_CorrespondingSourceObject: {fileID: 0}
  m_PrefabInstance: {fileID: 0}
  m_PrefabAsset: {fileID: 0}
  m_GameObject: {fileID: 2694480036475289325}
  m_LocalRotation: {x: 0, y: 0, z: 0, w: 1}
  m_LocalPosition: {x: 0, y: 0, z: 0}
  m_LocalScale: {x: 1, y: 1, z: 1}
  m_Children:
  - {fileID: 2698209044942487917}
  - {fileID: 2697504049054865191}
  - {fileID: 2697412708433665131}
  - {fileID: 2697886630846272693}
  - {fileID: 2697424365744757821}
  - {fileID: 2697591302692667969}
  - {fileID: 2697458320261766953}
  m_Father: {fileID: 0}
  m_RootOrder: 0
  m_LocalEulerAnglesHint: {x: 0, y: 0, z: 0}
--- !u!95 &2608706757070229733
Animator:
  serializedVersion: 3
  m_ObjectHideFlags: 0
  m_CorrespondingSourceObject: {fileID: 0}
  m_PrefabInstance: {fileID: 0}
  m_PrefabAsset: {fileID: 0}
  m_GameObject: {fileID: 2694480036475289325}
  m_Enabled: 1
  m_Avatar: {fileID: 9000000, guid: b5f71c859f9f9bf41badda8a4650082c, type: 3}
  m_Controller: {fileID: 0}
  m_CullingMode: 1
  m_UpdateMode: 0
  m_ApplyRootMotion: 1
  m_LinearVelocityBlending: 0
  m_WarningMessage: 
  m_HasTransformHierarchy: 1
  m_AllowConstantClipSamplingOptimization: 1
  m_KeepAnimatorControllerStateOnDisable: 0
--- !u!1 &2694507408502318399
GameObject:
  m_ObjectHideFlags: 0
  m_CorrespondingSourceObject: {fileID: 0}
  m_PrefabInstance: {fileID: 0}
  m_PrefabAsset: {fileID: 0}
  serializedVersion: 6
  m_Component:
  - component: {fileID: 2697499949892251273}
  m_Layer: 0
  m_Name: IndexFinger_03
  m_TagString: Untagged
  m_Icon: {fileID: 0}
  m_NavMeshLayer: 0
  m_StaticEditorFlags: 0
  m_IsActive: 1
--- !u!4 &2697499949892251273
Transform:
  m_ObjectHideFlags: 0
  m_CorrespondingSourceObject: {fileID: 0}
  m_PrefabInstance: {fileID: 0}
  m_PrefabAsset: {fileID: 0}
  m_GameObject: {fileID: 2694507408502318399}
  m_LocalRotation: {x: -0.006912195, y: -0.025717413, z: 0.057002407, w: 0.9980188}
  m_LocalPosition: {x: -3.791188, y: -2.1461999e-14, z: -3.8302694e-15}
  m_LocalScale: {x: 1, y: 1, z: 1}
  m_Children:
  - {fileID: 2697285428780992417}
  m_Father: {fileID: 2697543853382580173}
  m_RootOrder: 0
  m_LocalEulerAnglesHint: {x: 0, y: 0, z: 0}
--- !u!1 &2694517396061097431
GameObject:
  m_ObjectHideFlags: 0
  m_CorrespondingSourceObject: {fileID: 0}
  m_PrefabInstance: {fileID: 0}
  m_PrefabAsset: {fileID: 0}
  serializedVersion: 6
  m_Component:
  - component: {fileID: 2697243905028864763}
  m_Layer: 0
  m_Name: IndexFinger_02 1
  m_TagString: Untagged
  m_Icon: {fileID: 0}
  m_NavMeshLayer: 0
  m_StaticEditorFlags: 0
  m_IsActive: 1
--- !u!4 &2697243905028864763
Transform:
  m_ObjectHideFlags: 0
  m_CorrespondingSourceObject: {fileID: 0}
  m_PrefabInstance: {fileID: 0}
  m_PrefabAsset: {fileID: 0}
  m_GameObject: {fileID: 2694517396061097431}
  m_LocalRotation: {x: -0.001153992, y: -0.010741636, z: 0.09832994, w: 0.99509525}
  m_LocalPosition: {x: 4.093591, y: 0.00009698693, z: -0.000004956748}
  m_LocalScale: {x: 1, y: 1, z: 1}
  m_Children:
  - {fileID: 2697576944643507955}
  m_Father: {fileID: 2697103494647282965}
  m_RootOrder: 0
  m_LocalEulerAnglesHint: {x: 0, y: 0, z: 0}
--- !u!1 &2694549132267000561
GameObject:
  m_ObjectHideFlags: 0
  m_CorrespondingSourceObject: {fileID: 0}
  m_PrefabInstance: {fileID: 0}
  m_PrefabAsset: {fileID: 0}
  serializedVersion: 6
  m_Component:
  - component: {fileID: 2697723125441158853}
  m_Layer: 0
  m_Name: Finger_02
  m_TagString: Untagged
  m_Icon: {fileID: 0}
  m_NavMeshLayer: 0
  m_StaticEditorFlags: 0
  m_IsActive: 1
--- !u!4 &2697723125441158853
Transform:
  m_ObjectHideFlags: 0
  m_CorrespondingSourceObject: {fileID: 0}
  m_PrefabInstance: {fileID: 0}
  m_PrefabAsset: {fileID: 0}
  m_GameObject: {fileID: 2694549132267000561}
  m_LocalRotation: {x: 0.0026372706, y: 0.019492026, z: 0.02126933, w: 0.99958026}
  m_LocalPosition: {x: -4.2488146, y: -1.0581813e-15, z: -8.3266727e-16}
  m_LocalScale: {x: 1, y: 1, z: 1}
  m_Children:
  - {fileID: 2697300243696757367}
  m_Father: {fileID: 2698051925671063699}
  m_RootOrder: 0
  m_LocalEulerAnglesHint: {x: 0, y: 0, z: 0}
--- !u!1 &2694549473319569441
GameObject:
  m_ObjectHideFlags: 0
  m_CorrespondingSourceObject: {fileID: 0}
  m_PrefabInstance: {fileID: 0}
  m_PrefabAsset: {fileID: 0}
  serializedVersion: 6
  m_Component:
  - component: {fileID: 2697128345492983247}
  m_Layer: 0
  m_Name: Finger_01 1
  m_TagString: Untagged
  m_Icon: {fileID: 0}
  m_NavMeshLayer: 0
  m_StaticEditorFlags: 0
  m_IsActive: 1
--- !u!4 &2697128345492983247
Transform:
  m_ObjectHideFlags: 0
  m_CorrespondingSourceObject: {fileID: 0}
  m_PrefabInstance: {fileID: 0}
  m_PrefabAsset: {fileID: 0}
  m_GameObject: {fileID: 2694549473319569441}
  m_LocalRotation: {x: -0.0024864315, y: -0.043879747, z: 0.056519255, w: 0.9974337}
  m_LocalPosition: {x: 9.9825, y: 0.116, z: 3.28334}
  m_LocalScale: {x: 1, y: 1, z: 1}
  m_Children:
  - {fileID: 2697574077159520985}
  m_Father: {fileID: 2697416015296154747}
  m_RootOrder: 0
  m_LocalEulerAnglesHint: {x: 0, y: 0, z: 0}
--- !u!1 &2694576594935748479
GameObject:
  m_ObjectHideFlags: 0
  m_CorrespondingSourceObject: {fileID: 0}
  m_PrefabInstance: {fileID: 0}
  m_PrefabAsset: {fileID: 0}
  serializedVersion: 6
  m_Component:
  - component: {fileID: 2697159485301538725}
  m_Layer: 0
  m_Name: Ankle_R
  m_TagString: Untagged
  m_Icon: {fileID: 0}
  m_NavMeshLayer: 0
  m_StaticEditorFlags: 0
  m_IsActive: 1
--- !u!4 &2697159485301538725
Transform:
  m_ObjectHideFlags: 0
  m_CorrespondingSourceObject: {fileID: 0}
  m_PrefabInstance: {fileID: 0}
  m_PrefabAsset: {fileID: 0}
  m_GameObject: {fileID: 2694576594935748479}
  m_LocalRotation: {x: 0.85767007, y: 0.507213, z: 0.039752707, w: -0.0745436}
  m_LocalPosition: {x: -37.712353, y: -7.771561e-15, z: 1.6819879e-14}
  m_LocalScale: {x: 1, y: 1, z: 1}
  m_Children:
  - {fileID: 2697884613374398127}
  m_Father: {fileID: 2697142127279198179}
  m_RootOrder: 0
  m_LocalEulerAnglesHint: {x: 0, y: 0, z: 0}
--- !u!1 &2694578447448992043
GameObject:
  m_ObjectHideFlags: 0
  m_CorrespondingSourceObject: {fileID: 0}
  m_PrefabInstance: {fileID: 0}
  m_PrefabAsset: {fileID: 0}
  serializedVersion: 6
  m_Component:
  - component: {fileID: 2698062163893913735}
  m_Layer: 0
  m_Name: Finger_04
  m_TagString: Untagged
  m_Icon: {fileID: 0}
  m_NavMeshLayer: 0
  m_StaticEditorFlags: 0
  m_IsActive: 1
--- !u!4 &2698062163893913735
Transform:
  m_ObjectHideFlags: 0
  m_CorrespondingSourceObject: {fileID: 0}
  m_PrefabInstance: {fileID: 0}
  m_PrefabAsset: {fileID: 0}
  m_GameObject: {fileID: 2694578447448992043}
  m_LocalRotation: {x: 0.01664637, y: 0.096525334, z: -0.16913006, w: 0.98071444}
  m_LocalPosition: {x: -3.0032394, y: 2.126771e-14, z: -1.110223e-16}
  m_LocalScale: {x: 1, y: 1, z: 1}
  m_Children: []
  m_Father: {fileID: 2697300243696757367}
  m_RootOrder: 0
  m_LocalEulerAnglesHint: {x: 0, y: 0, z: 0}
--- !u!1 &2694579514077569217
GameObject:
  m_ObjectHideFlags: 0
  m_CorrespondingSourceObject: {fileID: 0}
  m_PrefabInstance: {fileID: 0}
  m_PrefabAsset: {fileID: 0}
  serializedVersion: 6
  m_Component:
  - component: {fileID: 2697179309847542353}
  m_Layer: 0
  m_Name: Thumb_03 1
  m_TagString: Untagged
  m_Icon: {fileID: 0}
  m_NavMeshLayer: 0
  m_StaticEditorFlags: 0
  m_IsActive: 1
--- !u!4 &2697179309847542353
Transform:
  m_ObjectHideFlags: 0
  m_CorrespondingSourceObject: {fileID: 0}
  m_PrefabInstance: {fileID: 0}
  m_PrefabAsset: {fileID: 0}
  m_GameObject: {fileID: 2694579514077569217}
  m_LocalRotation: {x: -0.036403257, y: -0.15203467, z: -0.22999534, w: 0.9605532}
  m_LocalPosition: {x: 5.6655083, y: 0.000009835502, z: -0.000020279542}
  m_LocalScale: {x: 1, y: 1, z: 1}
  m_Children: []
  m_Father: {fileID: 2697218163568712095}
  m_RootOrder: 0
  m_LocalEulerAnglesHint: {x: 0, y: 0, z: 0}
--- !u!1 &2694591150566303705
GameObject:
  m_ObjectHideFlags: 0
  m_CorrespondingSourceObject: {fileID: 0}
  m_PrefabInstance: {fileID: 0}
  m_PrefabAsset: {fileID: 0}
  serializedVersion: 6
  m_Component:
  - component: {fileID: 2697886630846272693}
  - component: {fileID: 2632854249551800011}
  m_Layer: 0
  m_Name: Character_Female_NoFace_01
  m_TagString: Untagged
  m_Icon: {fileID: 0}
  m_NavMeshLayer: 0
  m_StaticEditorFlags: 0
  m_IsActive: 0
--- !u!4 &2697886630846272693
Transform:
  m_ObjectHideFlags: 0
  m_CorrespondingSourceObject: {fileID: 0}
  m_PrefabInstance: {fileID: 0}
  m_PrefabAsset: {fileID: 0}
  m_GameObject: {fileID: 2694591150566303705}
  m_LocalRotation: {x: 0, y: -0, z: -0, w: 1}
  m_LocalPosition: {x: -0, y: 0, z: 0}
  m_LocalScale: {x: 0.01, y: 0.01, z: 0.01}
  m_Children: []
  m_Father: {fileID: 2698015198396586021}
  m_RootOrder: 3
  m_LocalEulerAnglesHint: {x: 0, y: 0, z: 0}
--- !u!137 &2632854249551800011
SkinnedMeshRenderer:
  m_ObjectHideFlags: 0
  m_CorrespondingSourceObject: {fileID: 0}
  m_PrefabInstance: {fileID: 0}
  m_PrefabAsset: {fileID: 0}
  m_GameObject: {fileID: 2694591150566303705}
  m_Enabled: 1
  m_CastShadows: 1
  m_ReceiveShadows: 1
  m_DynamicOccludee: 1
  m_MotionVectors: 1
  m_LightProbeUsage: 1
  m_ReflectionProbeUsage: 1
  m_RayTracingMode: 0
  m_RenderingLayerMask: 1
  m_RendererPriority: 0
  m_Materials:
  - {fileID: 2100000, guid: 41680dad0f0243748b4e228f49a2e3c4, type: 2}
  m_StaticBatchInfo:
    firstSubMesh: 0
    subMeshCount: 0
  m_StaticBatchRoot: {fileID: 0}
  m_ProbeAnchor: {fileID: 0}
  m_LightProbeVolumeOverride: {fileID: 0}
  m_ScaleInLightmap: 1
  m_ReceiveGI: 1
  m_PreserveUVs: 0
  m_IgnoreNormalsForChartDetection: 0
  m_ImportantGI: 0
  m_StitchLightmapSeams: 1
  m_SelectedEditorRenderState: 3
  m_MinimumChartSize: 4
  m_AutoUVMaxDistance: 0.5
  m_AutoUVMaxAngle: 89
  m_LightmapParameters: {fileID: 0}
  m_SortingLayerID: 0
  m_SortingLayer: 0
  m_SortingOrder: 0
  serializedVersion: 2
  m_Quality: 0
  m_UpdateWhenOffscreen: 0
  m_SkinnedMotionVectors: 1
  m_Mesh: {fileID: 4300006, guid: b5f71c859f9f9bf41badda8a4650082c, type: 3}
  m_Bones:
  - {fileID: 2697458320261766953}
  - {fileID: 2697932447440081463}
  - {fileID: 2697517838555441595}
  - {fileID: 2697827998883571913}
  - {fileID: 2697661985529530025}
  - {fileID: 2697441374605801251}
  - {fileID: 2697282348999866939}
  - {fileID: 2697503094305026141}
  - {fileID: 2697806735922253915}
  - {fileID: 2698183509611510817}
  - {fileID: 2698053207686092345}
  - {fileID: 2698109408880274071}
  - {fileID: 2697143776362810533}
  - {fileID: 2698129158703981669}
  - {fileID: 2698084957381394533}
  - {fileID: 2698180388896665935}
  - {fileID: 2697917224154645589}
  - {fileID: 2697543853382580173}
  - {fileID: 2697499949892251273}
  - {fileID: 2697285428780992417}
  - {fileID: 2698051925671063699}
  - {fileID: 2697723125441158853}
  - {fileID: 2697300243696757367}
  - {fileID: 2698062163893913735}
  - {fileID: 2697646334783844283}
  - {fileID: 2697142741437795927}
  - {fileID: 2697870054470248109}
  - {fileID: 2697416015296154747}
  - {fileID: 2697104216864050323}
  - {fileID: 2697218163568712095}
  - {fileID: 2697179309847542353}
  - {fileID: 2697103494647282965}
  - {fileID: 2697243905028864763}
  - {fileID: 2697576944643507955}
  - {fileID: 2697435820053746173}
  - {fileID: 2697128345492983247}
  - {fileID: 2697574077159520985}
  - {fileID: 2697517285001187937}
  - {fileID: 2698212435702129841}
  - {fileID: 2697794659921049043}
  - {fileID: 2697142127279198179}
  - {fileID: 2697159485301538725}
  - {fileID: 2697884613374398127}
  - {fileID: 2697562150106609957}
  - {fileID: 2698168703769437761}
  - {fileID: 2697567472628284407}
  - {fileID: 2697642715953906113}
  - {fileID: 2697524431048290087}
  - {fileID: 2697765647432709059}
  m_BlendShapeWeights: []
  m_RootBone: {fileID: 2697458320261766953}
  m_AABB:
    m_Center: {x: -0.0000038146973, y: 84.64449, z: -3.1618528}
    m_Extent: {x: 102.12041, y: 94.20791, z: 20.3359}
  m_DirtyAABB: 0
--- !u!1 &2694592875368181043
GameObject:
  m_ObjectHideFlags: 0
  m_CorrespondingSourceObject: {fileID: 0}
  m_PrefabInstance: {fileID: 0}
  m_PrefabAsset: {fileID: 0}
  serializedVersion: 6
  m_Component:
  - component: {fileID: 2698084957381394533}
  m_Layer: 0
  m_Name: Thumb_02
  m_TagString: Untagged
  m_Icon: {fileID: 0}
  m_NavMeshLayer: 0
  m_StaticEditorFlags: 0
  m_IsActive: 1
--- !u!4 &2698084957381394533
Transform:
  m_ObjectHideFlags: 0
  m_CorrespondingSourceObject: {fileID: 0}
  m_PrefabInstance: {fileID: 0}
  m_PrefabAsset: {fileID: 0}
  m_GameObject: {fileID: 2694592875368181043}
  m_LocalRotation: {x: -0.039942026, y: -0.1178403, z: 0.14163578, w: 0.98206806}
  m_LocalPosition: {x: -6.370214, y: -6.1062266e-16, z: 4.440892e-16}
  m_LocalScale: {x: 1, y: 1, z: 1}
  m_Children:
  - {fileID: 2698180388896665935}
  m_Father: {fileID: 2698129158703981669}
  m_RootOrder: 0
  m_LocalEulerAnglesHint: {x: 0, y: 0, z: 0}
--- !u!1 &2694605825693249735
GameObject:
  m_ObjectHideFlags: 0
  m_CorrespondingSourceObject: {fileID: 0}
  m_PrefabInstance: {fileID: 0}
  m_PrefabAsset: {fileID: 0}
  serializedVersion: 6
  m_Component:
  - component: {fileID: 2697884613374398127}
  m_Layer: 0
  m_Name: Ball_R
  m_TagString: Untagged
  m_Icon: {fileID: 0}
  m_NavMeshLayer: 0
  m_StaticEditorFlags: 0
  m_IsActive: 1
--- !u!4 &2697884613374398127
Transform:
  m_ObjectHideFlags: 0
  m_CorrespondingSourceObject: {fileID: 0}
  m_PrefabInstance: {fileID: 0}
  m_PrefabAsset: {fileID: 0}
  m_GameObject: {fileID: 2694605825693249735}
  m_LocalRotation: {x: -8.012619e-16, y: 1.2480334e-15, z: -0.2700158, w: 0.96285594}
  m_LocalPosition: {x: -11.284036, y: -1.15463195e-14, z: -2.113351e-15}
  m_LocalScale: {x: 1, y: 1, z: 1}
  m_Children:
  - {fileID: 2697562150106609957}
  m_Father: {fileID: 2697159485301538725}
  m_RootOrder: 0
  m_LocalEulerAnglesHint: {x: 0, y: 0, z: 0}
--- !u!1 &2694622668583054867
GameObject:
  m_ObjectHideFlags: 0
  m_CorrespondingSourceObject: {fileID: 0}
  m_PrefabInstance: {fileID: 0}
  m_PrefabAsset: {fileID: 0}
  serializedVersion: 6
  m_Component:
  - component: {fileID: 2697143776362810533}
  m_Layer: 0
  m_Name: Hand_L
  m_TagString: Untagged
  m_Icon: {fileID: 0}
  m_NavMeshLayer: 0
  m_StaticEditorFlags: 0
  m_IsActive: 1
--- !u!4 &2697143776362810533
Transform:
  m_ObjectHideFlags: 0
  m_CorrespondingSourceObject: {fileID: 0}
  m_PrefabInstance: {fileID: 0}
  m_PrefabAsset: {fileID: 0}
  m_GameObject: {fileID: 2694622668583054867}
  m_LocalRotation: {x: -2.4156162e-17, y: -0.035830766, z: 1.6679253e-15, w: 0.9993579}
  m_LocalPosition: {x: -27.114529, y: 0, z: -0.038136426}
  m_LocalScale: {x: 1, y: 1, z: 1}
  m_Children:
  - {fileID: 2698051925671063699}
  - {fileID: 2697917224154645589}
  - {fileID: 2698129158703981669}
  m_Father: {fileID: 2698109408880274071}
  m_RootOrder: 0
  m_LocalEulerAnglesHint: {x: 0, y: 0, z: 0}
--- !u!1 &2694647868238094489
GameObject:
  m_ObjectHideFlags: 0
  m_CorrespondingSourceObject: {fileID: 0}
  m_PrefabInstance: {fileID: 0}
  m_PrefabAsset: {fileID: 0}
  serializedVersion: 6
  m_Component:
  - component: {fileID: 2698168703769437761}
  m_Layer: 0
  m_Name: UpperLeg_L
  m_TagString: Untagged
  m_Icon: {fileID: 0}
  m_NavMeshLayer: 0
  m_StaticEditorFlags: 0
  m_IsActive: 1
--- !u!4 &2698168703769437761
Transform:
  m_ObjectHideFlags: 0
  m_CorrespondingSourceObject: {fileID: 0}
  m_PrefabInstance: {fileID: 0}
  m_PrefabAsset: {fileID: 0}
  m_GameObject: {fileID: 2694647868238094489}
  m_LocalRotation: {x: -0.7058717, y: 0.04177525, z: -0.064159356, w: 0.70419}
  m_LocalPosition: {x: 4.1157784, y: -2.692075, z: 9.89671}
  m_LocalScale: {x: 1, y: 1, z: 1}
  m_Children:
  - {fileID: 2697567472628284407}
  m_Father: {fileID: 2697932447440081463}
  m_RootOrder: 1
  m_LocalEulerAnglesHint: {x: 0, y: 0, z: 0}
--- !u!1 &2694687884974505479
GameObject:
  m_ObjectHideFlags: 0
  m_CorrespondingSourceObject: {fileID: 0}
  m_PrefabInstance: {fileID: 0}
  m_PrefabAsset: {fileID: 0}
  serializedVersion: 6
  m_Component:
  - component: {fileID: 2697517838555441595}
  m_Layer: 0
  m_Name: Spine_01
  m_TagString: Untagged
  m_Icon: {fileID: 0}
  m_NavMeshLayer: 0
  m_StaticEditorFlags: 0
  m_IsActive: 1
--- !u!4 &2697517838555441595
Transform:
  m_ObjectHideFlags: 0
  m_CorrespondingSourceObject: {fileID: 0}
  m_PrefabInstance: {fileID: 0}
  m_PrefabAsset: {fileID: 0}
  m_GameObject: {fileID: 2694687884974505479}
  m_LocalRotation: {x: 0.9950197, y: -0.09967895, z: 1.3224718e-15, w: 7.094358e-17}
  m_LocalPosition: {x: -10.393265, y: 1.3322676e-15, z: 4.6155367e-15}
  m_LocalScale: {x: 1, y: 1, z: 1}
  m_Children:
  - {fileID: 2697827998883571913}
  m_Father: {fileID: 2697932447440081463}
  m_RootOrder: 0
  m_LocalEulerAnglesHint: {x: 0, y: 0, z: 0}
--- !u!1 &2694718457218182507
GameObject:
  m_ObjectHideFlags: 0
  m_CorrespondingSourceObject: {fileID: 0}
  m_PrefabInstance: {fileID: 0}
  m_PrefabAsset: {fileID: 0}
  serializedVersion: 6
  m_Component:
  - component: {fileID: 2697441374605801251}
  m_Layer: 0
  m_Name: Neck
  m_TagString: Untagged
  m_Icon: {fileID: 0}
  m_NavMeshLayer: 0
  m_StaticEditorFlags: 0
  m_IsActive: 1
--- !u!4 &2697441374605801251
Transform:
  m_ObjectHideFlags: 0
  m_CorrespondingSourceObject: {fileID: 0}
  m_PrefabInstance: {fileID: 0}
  m_PrefabAsset: {fileID: 0}
  m_GameObject: {fileID: 2694718457218182507}
  m_LocalRotation: {x: 7.053966e-17, y: 1.3040385e-15, z: 0.04173335, w: 0.9991288}
  m_LocalPosition: {x: -11.188968, y: -6.661338e-16, z: -4.624413e-15}
  m_LocalScale: {x: 1, y: 1, z: 1}
  m_Children:
  - {fileID: 2697282348999866939}
  m_Father: {fileID: 2697661985529530025}
  m_RootOrder: 2
  m_LocalEulerAnglesHint: {x: 0, y: 0, z: 0}
--- !u!1 &2694721827668539823
GameObject:
  m_ObjectHideFlags: 0
  m_CorrespondingSourceObject: {fileID: 0}
  m_PrefabInstance: {fileID: 0}
  m_PrefabAsset: {fileID: 0}
  serializedVersion: 6
  m_Component:
  - component: {fileID: 2698051925671063699}
  m_Layer: 0
  m_Name: Finger_01
  m_TagString: Untagged
  m_Icon: {fileID: 0}
  m_NavMeshLayer: 0
  m_StaticEditorFlags: 0
  m_IsActive: 1
--- !u!4 &2698051925671063699
Transform:
  m_ObjectHideFlags: 0
  m_CorrespondingSourceObject: {fileID: 0}
  m_PrefabInstance: {fileID: 0}
  m_PrefabAsset: {fileID: 0}
  m_GameObject: {fileID: 2694721827668539823}
  m_LocalRotation: {x: -0.0024864315, y: -0.043879747, z: 0.056519255, w: 0.9974337}
  m_LocalPosition: {x: -9.982526, y: -0.11595894, z: -3.2833402}
  m_LocalScale: {x: 1, y: 1, z: 1}
  m_Children:
  - {fileID: 2697723125441158853}
  m_Father: {fileID: 2697143776362810533}
  m_RootOrder: 0
  m_LocalEulerAnglesHint: {x: 0, y: 0, z: 0}
--- !u!1 &2694734629602733039
GameObject:
  m_ObjectHideFlags: 0
  m_CorrespondingSourceObject: {fileID: 0}
  m_PrefabInstance: {fileID: 0}
  m_PrefabAsset: {fileID: 0}
  serializedVersion: 6
  m_Component:
  - component: {fileID: 2697103494647282965}
  m_Layer: 0
  m_Name: IndexFinger_01 1
  m_TagString: Untagged
  m_Icon: {fileID: 0}
  m_NavMeshLayer: 0
  m_StaticEditorFlags: 0
  m_IsActive: 1
--- !u!4 &2697103494647282965
Transform:
  m_ObjectHideFlags: 0
  m_CorrespondingSourceObject: {fileID: 0}
  m_PrefabInstance: {fileID: 0}
  m_PrefabAsset: {fileID: 0}
  m_GameObject: {fileID: 2694734629602733039}
  m_LocalRotation: {x: 0.00028049533, y: 0.065794446, z: 0.004253931, w: 0.99782413}
  m_LocalPosition: {x: 10.3966, y: -0.399, z: -2.67265}
  m_LocalScale: {x: 1, y: 1, z: 1}
  m_Children:
  - {fileID: 2697243905028864763}
  m_Father: {fileID: 2697416015296154747}
  m_RootOrder: 1
  m_LocalEulerAnglesHint: {x: 0, y: 0, z: 0}
--- !u!1 &2694756626870871043
GameObject:
  m_ObjectHideFlags: 0
  m_CorrespondingSourceObject: {fileID: 0}
  m_PrefabInstance: {fileID: 0}
  m_PrefabAsset: {fileID: 0}
  serializedVersion: 6
  m_Component:
  - component: {fileID: 2697567472628284407}
  m_Layer: 0
  m_Name: LowerLeg_L
  m_TagString: Untagged
  m_Icon: {fileID: 0}
  m_NavMeshLayer: 0
  m_StaticEditorFlags: 0
  m_IsActive: 1
--- !u!4 &2697567472628284407
Transform:
  m_ObjectHideFlags: 0
  m_CorrespondingSourceObject: {fileID: 0}
  m_PrefabInstance: {fileID: 0}
  m_PrefabAsset: {fileID: 0}
  m_GameObject: {fileID: 2694756626870871043}
  m_LocalRotation: {x: 0.64437777, y: 0.024462728, z: -0.00473771, w: 0.7643013}
  m_LocalPosition: {x: 39.93092, y: -0.000038050264, z: 1.4654944e-14}
  m_LocalScale: {x: 1, y: 1, z: 1}
  m_Children:
  - {fileID: 2697642715953906113}
  m_Father: {fileID: 2698168703769437761}
  m_RootOrder: 0
  m_LocalEulerAnglesHint: {x: 0, y: 0, z: 0}
--- !u!1 &2694775991910746463
GameObject:
  m_ObjectHideFlags: 0
  m_CorrespondingSourceObject: {fileID: 0}
  m_PrefabInstance: {fileID: 0}
  m_PrefabAsset: {fileID: 0}
  serializedVersion: 6
  m_Component:
  - component: {fileID: 2697142741437795927}
  m_Layer: 0
  m_Name: Shoulder_R
  m_TagString: Untagged
  m_Icon: {fileID: 0}
  m_NavMeshLayer: 0
  m_StaticEditorFlags: 0
  m_IsActive: 1
--- !u!4 &2697142741437795927
Transform:
  m_ObjectHideFlags: 0
  m_CorrespondingSourceObject: {fileID: 0}
  m_PrefabInstance: {fileID: 0}
  m_PrefabAsset: {fileID: 0}
  m_GameObject: {fileID: 2694775991910746463}
  m_LocalRotation: {x: 0.0113281235, y: 0.23685996, z: 0.03380652, w: 0.9708894}
  m_LocalPosition: {x: 13.197861, y: 0.00064733915, z: 0.0000047353424}
  m_LocalScale: {x: 1, y: 1, z: 1}
  m_Children:
  - {fileID: 2697870054470248109}
  m_Father: {fileID: 2697646334783844283}
  m_RootOrder: 0
  m_LocalEulerAnglesHint: {x: 0, y: 0, z: 0}
--- !u!1 &2694795136702644573
GameObject:
  m_ObjectHideFlags: 0
  m_CorrespondingSourceObject: {fileID: 0}
  m_PrefabInstance: {fileID: 0}
  m_PrefabAsset: {fileID: 0}
  serializedVersion: 6
  m_Component:
  - component: {fileID: 2697524431048290087}
  m_Layer: 0
  m_Name: Ball_L
  m_TagString: Untagged
  m_Icon: {fileID: 0}
  m_NavMeshLayer: 0
  m_StaticEditorFlags: 0
  m_IsActive: 1
--- !u!4 &2697524431048290087
Transform:
  m_ObjectHideFlags: 0
  m_CorrespondingSourceObject: {fileID: 0}
  m_PrefabInstance: {fileID: 0}
  m_PrefabAsset: {fileID: 0}
  m_GameObject: {fileID: 2694795136702644573}
  m_LocalRotation: {x: 3.533937e-15, y: 4.8918194e-15, z: -0.2700158, w: 0.96285594}
  m_LocalPosition: {x: 11.284033, y: -0.0000016849572, z: -7.1054274e-15}
  m_LocalScale: {x: 1, y: 1, z: 1}
  m_Children:
  - {fileID: 2697765647432709059}
  m_Father: {fileID: 2697642715953906113}
  m_RootOrder: 0
  m_LocalEulerAnglesHint: {x: 0, y: 0, z: 0}
--- !u!1 &2694816562714541001
GameObject:
  m_ObjectHideFlags: 0
  m_CorrespondingSourceObject: {fileID: 0}
  m_PrefabInstance: {fileID: 0}
  m_PrefabAsset: {fileID: 0}
  serializedVersion: 6
  m_Component:
  - component: {fileID: 2697576944643507955}
  m_Layer: 0
  m_Name: IndexFinger_03 1
  m_TagString: Untagged
  m_Icon: {fileID: 0}
  m_NavMeshLayer: 0
  m_StaticEditorFlags: 0
  m_IsActive: 1
--- !u!4 &2697576944643507955
Transform:
  m_ObjectHideFlags: 0
  m_CorrespondingSourceObject: {fileID: 0}
  m_PrefabInstance: {fileID: 0}
  m_PrefabAsset: {fileID: 0}
  m_GameObject: {fileID: 2694816562714541001}
  m_LocalRotation: {x: -0.006912195, y: -0.025717413, z: 0.057002407, w: 0.9980188}
  m_LocalPosition: {x: 3.7912128, y: 0.00032499834, z: -0.000004545292}
  m_LocalScale: {x: 1, y: 1, z: 1}
  m_Children:
  - {fileID: 2697435820053746173}
  m_Father: {fileID: 2697243905028864763}
  m_RootOrder: 0
  m_LocalEulerAnglesHint: {x: 0, y: 0, z: 0}
--- !u!1 &2694835285426064827
GameObject:
  m_ObjectHideFlags: 0
  m_CorrespondingSourceObject: {fileID: 0}
  m_PrefabInstance: {fileID: 0}
  m_PrefabAsset: {fileID: 0}
  serializedVersion: 6
  m_Component:
  - component: {fileID: 2697591302692667969}
  - component: {fileID: 2631811726227309417}
  m_Layer: 0
  m_Name: Character_Male_NoFace_01
  m_TagString: Untagged
  m_Icon: {fileID: 0}
  m_NavMeshLayer: 0
  m_StaticEditorFlags: 0
  m_IsActive: 0
--- !u!4 &2697591302692667969
Transform:
  m_ObjectHideFlags: 0
  m_CorrespondingSourceObject: {fileID: 0}
  m_PrefabInstance: {fileID: 0}
  m_PrefabAsset: {fileID: 0}
  m_GameObject: {fileID: 2694835285426064827}
  m_LocalRotation: {x: 0, y: -0, z: -0, w: 1}
  m_LocalPosition: {x: -0, y: 0, z: 0}
  m_LocalScale: {x: 0.01, y: 0.01, z: 0.01}
  m_Children: []
  m_Father: {fileID: 2698015198396586021}
  m_RootOrder: 5
  m_LocalEulerAnglesHint: {x: 0, y: 0, z: 0}
--- !u!137 &2631811726227309417
SkinnedMeshRenderer:
  m_ObjectHideFlags: 0
  m_CorrespondingSourceObject: {fileID: 0}
  m_PrefabInstance: {fileID: 0}
  m_PrefabAsset: {fileID: 0}
  m_GameObject: {fileID: 2694835285426064827}
  m_Enabled: 1
  m_CastShadows: 1
  m_ReceiveShadows: 1
  m_DynamicOccludee: 1
  m_MotionVectors: 1
  m_LightProbeUsage: 1
  m_ReflectionProbeUsage: 1
  m_RayTracingMode: 0
  m_RenderingLayerMask: 1
  m_RendererPriority: 0
  m_Materials:
  - {fileID: 2100000, guid: 41680dad0f0243748b4e228f49a2e3c4, type: 2}
  m_StaticBatchInfo:
    firstSubMesh: 0
    subMeshCount: 0
  m_StaticBatchRoot: {fileID: 0}
  m_ProbeAnchor: {fileID: 0}
  m_LightProbeVolumeOverride: {fileID: 0}
  m_ScaleInLightmap: 1
  m_ReceiveGI: 1
  m_PreserveUVs: 0
  m_IgnoreNormalsForChartDetection: 0
  m_ImportantGI: 0
  m_StitchLightmapSeams: 1
  m_SelectedEditorRenderState: 3
  m_MinimumChartSize: 4
  m_AutoUVMaxDistance: 0.5
  m_AutoUVMaxAngle: 89
  m_LightmapParameters: {fileID: 0}
  m_SortingLayerID: 0
  m_SortingLayer: 0
  m_SortingOrder: 0
  serializedVersion: 2
  m_Quality: 0
  m_UpdateWhenOffscreen: 0
  m_SkinnedMotionVectors: 1
  m_Mesh: {fileID: 4300004, guid: b5f71c859f9f9bf41badda8a4650082c, type: 3}
  m_Bones:
  - {fileID: 2697458320261766953}
  - {fileID: 2697932447440081463}
  - {fileID: 2697517838555441595}
  - {fileID: 2697827998883571913}
  - {fileID: 2697661985529530025}
  - {fileID: 2697441374605801251}
  - {fileID: 2697282348999866939}
  - {fileID: 2697503094305026141}
  - {fileID: 2697806735922253915}
  - {fileID: 2698183509611510817}
  - {fileID: 2698053207686092345}
  - {fileID: 2698109408880274071}
  - {fileID: 2697143776362810533}
  - {fileID: 2698129158703981669}
  - {fileID: 2698084957381394533}
  - {fileID: 2698180388896665935}
  - {fileID: 2697917224154645589}
  - {fileID: 2697543853382580173}
  - {fileID: 2697499949892251273}
  - {fileID: 2697285428780992417}
  - {fileID: 2698051925671063699}
  - {fileID: 2697723125441158853}
  - {fileID: 2697300243696757367}
  - {fileID: 2698062163893913735}
  - {fileID: 2697646334783844283}
  - {fileID: 2697142741437795927}
  - {fileID: 2697870054470248109}
  - {fileID: 2697416015296154747}
  - {fileID: 2697104216864050323}
  - {fileID: 2697218163568712095}
  - {fileID: 2697179309847542353}
  - {fileID: 2697103494647282965}
  - {fileID: 2697243905028864763}
  - {fileID: 2697576944643507955}
  - {fileID: 2697435820053746173}
  - {fileID: 2697128345492983247}
  - {fileID: 2697574077159520985}
  - {fileID: 2697517285001187937}
  - {fileID: 2698212435702129841}
  - {fileID: 2697794659921049043}
  - {fileID: 2697142127279198179}
  - {fileID: 2697159485301538725}
  - {fileID: 2697884613374398127}
  - {fileID: 2697562150106609957}
  - {fileID: 2698168703769437761}
  - {fileID: 2697567472628284407}
  - {fileID: 2697642715953906113}
  - {fileID: 2697524431048290087}
  - {fileID: 2697765647432709059}
  m_BlendShapeWeights: []
  m_RootBone: {fileID: 2697458320261766953}
  m_AABB:
    m_Center: {x: -0.0000038146973, y: 84.34789, z: -4.0967493}
    m_Extent: {x: 102.45618, y: 94.45724, z: 20.547234}
  m_DirtyAABB: 0
--- !u!1 &2694842462850341419
GameObject:
  m_ObjectHideFlags: 0
  m_CorrespondingSourceObject: {fileID: 0}
  m_PrefabInstance: {fileID: 0}
  m_PrefabAsset: {fileID: 0}
  serializedVersion: 6
  m_Component:
  - component: {fileID: 2697435820053746173}
  m_Layer: 0
  m_Name: IndexFinger_04 1
  m_TagString: Untagged
  m_Icon: {fileID: 0}
  m_NavMeshLayer: 0
  m_StaticEditorFlags: 0
  m_IsActive: 1
--- !u!4 &2697435820053746173
Transform:
  m_ObjectHideFlags: 0
  m_CorrespondingSourceObject: {fileID: 0}
  m_PrefabInstance: {fileID: 0}
  m_PrefabAsset: {fileID: 0}
  m_GameObject: {fileID: 2694842462850341419}
  m_LocalRotation: {x: -0.0045196484, y: -0.028039929, z: -0.15906802, w: 0.986859}
  m_LocalPosition: {x: 3.7793326, y: -0.0005265709, z: -0.000015507381}
  m_LocalScale: {x: 1, y: 1, z: 1}
  m_Children: []
  m_Father: {fileID: 2697576944643507955}
  m_RootOrder: 0
  m_LocalEulerAnglesHint: {x: 0, y: 0, z: 0}
--- !u!1 &2694845763494859879
GameObject:
  m_ObjectHideFlags: 0
  m_CorrespondingSourceObject: {fileID: 0}
  m_PrefabInstance: {fileID: 0}
  m_PrefabAsset: {fileID: 0}
  serializedVersion: 6
  m_Component:
  - component: {fileID: 2697870054470248109}
  m_Layer: 0
  m_Name: Elbow_R
  m_TagString: Untagged
  m_Icon: {fileID: 0}
  m_NavMeshLayer: 0
  m_StaticEditorFlags: 0
  m_IsActive: 1
--- !u!4 &2697870054470248109
Transform:
  m_ObjectHideFlags: 0
  m_CorrespondingSourceObject: {fileID: 0}
  m_PrefabInstance: {fileID: 0}
  m_PrefabAsset: {fileID: 0}
  m_GameObject: {fileID: 2694845763494859879}
  m_LocalRotation: {x: 0.0016838326, y: 0.040749595, z: -0.041251875, w: 0.99831605}
  m_LocalPosition: {x: 33.94746, y: 0.14475864, z: 0.14362636}
  m_LocalScale: {x: 1, y: 1, z: 1}
  m_Children:
  - {fileID: 2697416015296154747}
  m_Father: {fileID: 2697142741437795927}
  m_RootOrder: 0
  m_LocalEulerAnglesHint: {x: 0, y: 0, z: 0}
--- !u!1 &2694856847556782851
GameObject:
  m_ObjectHideFlags: 0
  m_CorrespondingSourceObject: {fileID: 0}
  m_PrefabInstance: {fileID: 0}
  m_PrefabAsset: {fileID: 0}
  serializedVersion: 6
  m_Component:
  - component: {fileID: 2698129158703981669}
  m_Layer: 0
  m_Name: Thumb_01
  m_TagString: Untagged
  m_Icon: {fileID: 0}
  m_NavMeshLayer: 0
  m_StaticEditorFlags: 0
  m_IsActive: 1
--- !u!4 &2698129158703981669
Transform:
  m_ObjectHideFlags: 0
  m_CorrespondingSourceObject: {fileID: 0}
  m_PrefabInstance: {fileID: 0}
  m_PrefabAsset: {fileID: 0}
  m_GameObject: {fileID: 2694856847556782851}
  m_LocalRotation: {x: 0.025480643, y: 0.27684274, z: 0.08803956, w: 0.9565343}
  m_LocalPosition: {x: -3.5140479, y: -1.1706916, z: 4.5055394}
  m_LocalScale: {x: 1, y: 1, z: 1}
  m_Children:
  - {fileID: 2698084957381394533}
  m_Father: {fileID: 2697143776362810533}
  m_RootOrder: 2
  m_LocalEulerAnglesHint: {x: 0, y: 0, z: 0}
--- !u!1 &2694929443323849545
GameObject:
  m_ObjectHideFlags: 0
  m_CorrespondingSourceObject: {fileID: 0}
  m_PrefabInstance: {fileID: 0}
  m_PrefabAsset: {fileID: 0}
  serializedVersion: 6
  m_Component:
  - component: {fileID: 2698180388896665935}
  m_Layer: 0
  m_Name: Thumb_03
  m_TagString: Untagged
  m_Icon: {fileID: 0}
  m_NavMeshLayer: 0
  m_StaticEditorFlags: 0
  m_IsActive: 1
--- !u!4 &2698180388896665935
Transform:
  m_ObjectHideFlags: 0
  m_CorrespondingSourceObject: {fileID: 0}
  m_PrefabInstance: {fileID: 0}
  m_PrefabAsset: {fileID: 0}
  m_GameObject: {fileID: 2694929443323849545}
  m_LocalRotation: {x: -0.036403257, y: -0.15203467, z: -0.22999534, w: 0.9605532}
  m_LocalPosition: {x: -5.66557, y: 2.91156e-14, z: 3.996803e-15}
  m_LocalScale: {x: 1, y: 1, z: 1}
  m_Children: []
  m_Father: {fileID: 2698084957381394533}
  m_RootOrder: 0
  m_LocalEulerAnglesHint: {x: 0, y: 0, z: 0}
--- !u!1 &2695019968901870235
GameObject:
  m_ObjectHideFlags: 0
  m_CorrespondingSourceObject: {fileID: 0}
  m_PrefabInstance: {fileID: 0}
  m_PrefabAsset: {fileID: 0}
  serializedVersion: 6
  m_Component:
  - component: {fileID: 2698183509611510817}
  m_Layer: 0
  m_Name: Clavicle_L
  m_TagString: Untagged
  m_Icon: {fileID: 0}
  m_NavMeshLayer: 0
  m_StaticEditorFlags: 0
  m_IsActive: 1
--- !u!4 &2698183509611510817
Transform:
  m_ObjectHideFlags: 0
  m_CorrespondingSourceObject: {fileID: 0}
  m_PrefabInstance: {fileID: 0}
  m_PrefabAsset: {fileID: 0}
  m_GameObject: {fileID: 2695019968901870235}
  m_LocalRotation: {x: -0.5785476, y: 0.63248575, z: -0.35251346, w: -0.37547135}
  m_LocalPosition: {x: -5.8011727, y: -4.1914477, z: -7.447154}
  m_LocalScale: {x: 1, y: 1, z: 1}
  m_Children:
  - {fileID: 2698053207686092345}
  m_Father: {fileID: 2697661985529530025}
  m_RootOrder: 0
  m_LocalEulerAnglesHint: {x: 0, y: 0, z: 0}
--- !u!1 &2695035635613010689
GameObject:
  m_ObjectHideFlags: 0
  m_CorrespondingSourceObject: {fileID: 0}
  m_PrefabInstance: {fileID: 0}
  m_PrefabAsset: {fileID: 0}
  serializedVersion: 6
  m_Component:
  - component: {fileID: 2697412708433665131}
  - component: {fileID: 2632435279131158023}
  m_Layer: 0
  m_Name: Character_Female_Face_01
  m_TagString: Untagged
  m_Icon: {fileID: 0}
  m_NavMeshLayer: 0
  m_StaticEditorFlags: 0
  m_IsActive: 0
--- !u!4 &2697412708433665131
Transform:
  m_ObjectHideFlags: 0
  m_CorrespondingSourceObject: {fileID: 0}
  m_PrefabInstance: {fileID: 0}
  m_PrefabAsset: {fileID: 0}
  m_GameObject: {fileID: 2695035635613010689}
  m_LocalRotation: {x: 0, y: -0, z: -0, w: 1}
  m_LocalPosition: {x: -0, y: 0, z: 0}
  m_LocalScale: {x: 0.01, y: 0.01, z: 0.01}
  m_Children: []
  m_Father: {fileID: 2698015198396586021}
  m_RootOrder: 2
  m_LocalEulerAnglesHint: {x: 0, y: 0, z: 0}
--- !u!137 &2632435279131158023
SkinnedMeshRenderer:
  m_ObjectHideFlags: 0
  m_CorrespondingSourceObject: {fileID: 0}
  m_PrefabInstance: {fileID: 0}
  m_PrefabAsset: {fileID: 0}
  m_GameObject: {fileID: 2695035635613010689}
  m_Enabled: 1
  m_CastShadows: 1
  m_ReceiveShadows: 1
  m_DynamicOccludee: 1
  m_MotionVectors: 1
  m_LightProbeUsage: 1
  m_ReflectionProbeUsage: 1
  m_RayTracingMode: 0
  m_RenderingLayerMask: 1
  m_RendererPriority: 0
  m_Materials:
  - {fileID: 2100000, guid: 41680dad0f0243748b4e228f49a2e3c4, type: 2}
  m_StaticBatchInfo:
    firstSubMesh: 0
    subMeshCount: 0
  m_StaticBatchRoot: {fileID: 0}
  m_ProbeAnchor: {fileID: 0}
  m_LightProbeVolumeOverride: {fileID: 0}
  m_ScaleInLightmap: 1
  m_ReceiveGI: 1
  m_PreserveUVs: 0
  m_IgnoreNormalsForChartDetection: 0
  m_ImportantGI: 0
  m_StitchLightmapSeams: 1
  m_SelectedEditorRenderState: 3
  m_MinimumChartSize: 4
  m_AutoUVMaxDistance: 0.5
  m_AutoUVMaxAngle: 89
  m_LightmapParameters: {fileID: 0}
  m_SortingLayerID: 0
  m_SortingLayer: 0
  m_SortingOrder: 0
  serializedVersion: 2
  m_Quality: 0
  m_UpdateWhenOffscreen: 0
  m_SkinnedMotionVectors: 1
  m_Mesh: {fileID: 4300002, guid: b5f71c859f9f9bf41badda8a4650082c, type: 3}
  m_Bones:
  - {fileID: 2697458320261766953}
  - {fileID: 2697932447440081463}
  - {fileID: 2697517838555441595}
  - {fileID: 2697827998883571913}
  - {fileID: 2697661985529530025}
  - {fileID: 2697441374605801251}
  - {fileID: 2697282348999866939}
  - {fileID: 2697503094305026141}
  - {fileID: 2697806735922253915}
  - {fileID: 2698183509611510817}
  - {fileID: 2698053207686092345}
  - {fileID: 2698109408880274071}
  - {fileID: 2697143776362810533}
  - {fileID: 2698129158703981669}
  - {fileID: 2698084957381394533}
  - {fileID: 2698180388896665935}
  - {fileID: 2697917224154645589}
  - {fileID: 2697543853382580173}
  - {fileID: 2697499949892251273}
  - {fileID: 2697285428780992417}
  - {fileID: 2698051925671063699}
  - {fileID: 2697723125441158853}
  - {fileID: 2697300243696757367}
  - {fileID: 2698062163893913735}
  - {fileID: 2697646334783844283}
  - {fileID: 2697142741437795927}
  - {fileID: 2697870054470248109}
  - {fileID: 2697416015296154747}
  - {fileID: 2697104216864050323}
  - {fileID: 2697218163568712095}
  - {fileID: 2697179309847542353}
  - {fileID: 2697103494647282965}
  - {fileID: 2697243905028864763}
  - {fileID: 2697576944643507955}
  - {fileID: 2697435820053746173}
  - {fileID: 2697128345492983247}
  - {fileID: 2697574077159520985}
  - {fileID: 2697517285001187937}
  - {fileID: 2698212435702129841}
  - {fileID: 2697794659921049043}
  - {fileID: 2697142127279198179}
  - {fileID: 2697159485301538725}
  - {fileID: 2697884613374398127}
  - {fileID: 2697562150106609957}
  - {fileID: 2698168703769437761}
  - {fileID: 2697567472628284407}
  - {fileID: 2697642715953906113}
  - {fileID: 2697524431048290087}
  - {fileID: 2697765647432709059}
  m_BlendShapeWeights: []
  m_RootBone: {fileID: 2697458320261766953}
  m_AABB:
    m_Center: {x: -0.0000038146973, y: 84.64449, z: -3.1618528}
    m_Extent: {x: 102.12041, y: 94.20791, z: 20.3359}
  m_DirtyAABB: 0
--- !u!1 &2695038850022260843
GameObject:
  m_ObjectHideFlags: 0
  m_CorrespondingSourceObject: {fileID: 0}
  m_PrefabInstance: {fileID: 0}
  m_PrefabAsset: {fileID: 0}
  serializedVersion: 6
  m_Component:
  - component: {fileID: 2697104216864050323}
  m_Layer: 0
  m_Name: Thumb_01 1
  m_TagString: Untagged
  m_Icon: {fileID: 0}
  m_NavMeshLayer: 0
  m_StaticEditorFlags: 0
  m_IsActive: 1
--- !u!4 &2697104216864050323
Transform:
  m_ObjectHideFlags: 0
  m_CorrespondingSourceObject: {fileID: 0}
  m_PrefabInstance: {fileID: 0}
  m_PrefabAsset: {fileID: 0}
  m_GameObject: {fileID: 2695038850022260843}
  m_LocalRotation: {x: 0.025480643, y: 0.27684274, z: 0.08803956, w: 0.9565343}
  m_LocalPosition: {x: 3.514, y: 1.171, z: -4.50554}
  m_LocalScale: {x: 1, y: 1, z: 1}
  m_Children:
  - {fileID: 2697218163568712095}
  m_Father: {fileID: 2697416015296154747}
  m_RootOrder: 2
  m_LocalEulerAnglesHint: {x: 0, y: 0, z: 0}
--- !u!1 &2695043575255811195
GameObject:
  m_ObjectHideFlags: 0
  m_CorrespondingSourceObject: {fileID: 0}
  m_PrefabInstance: {fileID: 0}
  m_PrefabAsset: {fileID: 0}
  serializedVersion: 6
  m_Component:
  - component: {fileID: 2697543853382580173}
  m_Layer: 0
  m_Name: IndexFinger_02
  m_TagString: Untagged
  m_Icon: {fileID: 0}
  m_NavMeshLayer: 0
  m_StaticEditorFlags: 0
  m_IsActive: 1
--- !u!4 &2697543853382580173
Transform:
  m_ObjectHideFlags: 0
  m_CorrespondingSourceObject: {fileID: 0}
  m_PrefabInstance: {fileID: 0}
  m_PrefabAsset: {fileID: 0}
  m_GameObject: {fileID: 2695043575255811195}
  m_LocalRotation: {x: -0.001153992, y: -0.010741636, z: 0.09832994, w: 0.99509525}
  m_LocalPosition: {x: -4.0936317, y: -1.5276409e-16, z: 2.4424907e-15}
  m_LocalScale: {x: 1, y: 1, z: 1}
  m_Children:
  - {fileID: 2697499949892251273}
  m_Father: {fileID: 2697917224154645589}
  m_RootOrder: 0
  m_LocalEulerAnglesHint: {x: 0, y: 0, z: 0}
--- !u!1 &2695060745976779187
GameObject:
  m_ObjectHideFlags: 0
  m_CorrespondingSourceObject: {fileID: 0}
  m_PrefabInstance: {fileID: 0}
  m_PrefabAsset: {fileID: 0}
  serializedVersion: 6
  m_Component:
  - component: {fileID: 2697562150106609957}
  m_Layer: 0
  m_Name: Toes_R
  m_TagString: Untagged
  m_Icon: {fileID: 0}
  m_NavMeshLayer: 0
  m_StaticEditorFlags: 0
  m_IsActive: 1
--- !u!4 &2697562150106609957
Transform:
  m_ObjectHideFlags: 0
  m_CorrespondingSourceObject: {fileID: 0}
  m_PrefabInstance: {fileID: 0}
  m_PrefabAsset: {fileID: 0}
  m_GameObject: {fileID: 2695060745976779187}
  m_LocalRotation: {x: 1.8856444e-14, y: -0.7071068, z: 1.8856444e-14, w: 0.7071068}
  m_LocalPosition: {x: -7.2957563, y: 2.040087e-16, z: 3.4087126e-16}
  m_LocalScale: {x: 1, y: 1, z: 1}
  m_Children: []
  m_Father: {fileID: 2697884613374398127}
  m_RootOrder: 0
  m_LocalEulerAnglesHint: {x: 0, y: 0, z: 0}
--- !u!1 &2695104228830877755
GameObject:
  m_ObjectHideFlags: 0
  m_CorrespondingSourceObject: {fileID: 0}
  m_PrefabInstance: {fileID: 0}
  m_PrefabAsset: {fileID: 0}
  serializedVersion: 6
  m_Component:
  - component: {fileID: 2697517285001187937}
  m_Layer: 0
  m_Name: Finger_03 1
  m_TagString: Untagged
  m_Icon: {fileID: 0}
  m_NavMeshLayer: 0
  m_StaticEditorFlags: 0
  m_IsActive: 1
--- !u!4 &2697517285001187937
Transform:
  m_ObjectHideFlags: 0
  m_CorrespondingSourceObject: {fileID: 0}
  m_PrefabInstance: {fileID: 0}
  m_PrefabAsset: {fileID: 0}
  m_GameObject: {fileID: 2695104228830877755}
  m_LocalRotation: {x: -0.018149227, y: -0.07147895, z: 0.09251083, w: 0.9929769}
  m_LocalPosition: {x: 3.5133245, y: -0.00001997848, z: 0.0000014853608}
  m_LocalScale: {x: 1, y: 1, z: 1}
  m_Children:
  - {fileID: 2698212435702129841}
  m_Father: {fileID: 2697574077159520985}
  m_RootOrder: 0
  m_LocalEulerAnglesHint: {x: 0, y: 0, z: 0}
--- !u!1 &2695107371347748237
GameObject:
  m_ObjectHideFlags: 0
  m_CorrespondingSourceObject: {fileID: 0}
  m_PrefabInstance: {fileID: 0}
  m_PrefabAsset: {fileID: 0}
  serializedVersion: 6
  m_Component:
  - component: {fileID: 2697794659921049043}
  m_Layer: 0
  m_Name: UpperLeg_R
  m_TagString: Untagged
  m_Icon: {fileID: 0}
  m_NavMeshLayer: 0
  m_StaticEditorFlags: 0
  m_IsActive: 1
--- !u!4 &2697794659921049043
Transform:
  m_ObjectHideFlags: 0
  m_CorrespondingSourceObject: {fileID: 0}
  m_PrefabInstance: {fileID: 0}
  m_PrefabAsset: {fileID: 0}
  m_GameObject: {fileID: 2695107371347748237}
  m_LocalRotation: {x: 0.04177524, y: 0.7058717, z: -0.70419, w: -0.06415935}
  m_LocalPosition: {x: 4.1157684, y: -2.6920698, z: -9.896706}
  m_LocalScale: {x: 1, y: 1, z: 1}
  m_Children:
  - {fileID: 2697142127279198179}
  m_Father: {fileID: 2697932447440081463}
  m_RootOrder: 2
  m_LocalEulerAnglesHint: {x: 0, y: 0, z: 0}
--- !u!1 &2695336971148905647
GameObject:
  m_ObjectHideFlags: 0
  m_CorrespondingSourceObject: {fileID: 0}
  m_PrefabInstance: {fileID: 0}
  m_PrefabAsset: {fileID: 0}
  serializedVersion: 6
  m_Component:
  - component: {fileID: 2697827998883571913}
  m_Layer: 0
  m_Name: Spine_02
  m_TagString: Untagged
  m_Icon: {fileID: 0}
  m_NavMeshLayer: 0
  m_StaticEditorFlags: 0
  m_IsActive: 1
--- !u!4 &2697827998883571913
Transform:
  m_ObjectHideFlags: 0
  m_CorrespondingSourceObject: {fileID: 0}
  m_PrefabInstance: {fileID: 0}
  m_PrefabAsset: {fileID: 0}
  m_GameObject: {fileID: 2695336971148905647}
  m_LocalRotation: {x: 0.99518615, y: -0.098002784, z: -6.0366487e-16, w: -1.2097554e-16}
  m_LocalPosition: {x: -18.151169, y: 1.5543122e-15, z: -7.1010728e-15}
  m_LocalScale: {x: 1, y: 1, z: 1}
  m_Children:
  - {fileID: 2697661985529530025}
  m_Father: {fileID: 2697517838555441595}
  m_RootOrder: 0
  m_LocalEulerAnglesHint: {x: 0, y: 0, z: 0}
--- !u!1 &2695358234217335797
GameObject:
  m_ObjectHideFlags: 0
  m_CorrespondingSourceObject: {fileID: 0}
  m_PrefabInstance: {fileID: 0}
  m_PrefabAsset: {fileID: 0}
  serializedVersion: 6
  m_Component:
  - component: {fileID: 2698109408880274071}
  m_Layer: 0
  m_Name: Elbow_L
  m_TagString: Untagged
  m_Icon: {fileID: 0}
  m_NavMeshLayer: 0
  m_StaticEditorFlags: 0
  m_IsActive: 1
--- !u!4 &2698109408880274071
Transform:
  m_ObjectHideFlags: 0
  m_CorrespondingSourceObject: {fileID: 0}
  m_PrefabInstance: {fileID: 0}
  m_PrefabAsset: {fileID: 0}
  m_GameObject: {fileID: 2695358234217335797}
  m_LocalRotation: {x: 0.0016838326, y: 0.040749595, z: -0.041251875, w: 0.99831605}
  m_LocalPosition: {x: -33.947403, y: -0.14490709, z: -0.14362642}
  m_LocalScale: {x: 1, y: 1, z: 1}
  m_Children:
  - {fileID: 2697143776362810533}
  m_Father: {fileID: 2698053207686092345}
  m_RootOrder: 0
  m_LocalEulerAnglesHint: {x: 0, y: 0, z: 0}
