%YAML 1.1
%TAG !u! tag:unity3d.com,2011:
--- !u!1 &4878001071244253736
GameObject:
  m_ObjectHideFlags: 0
  m_CorrespondingSourceObject: {fileID: 0}
  m_PrefabInstance: {fileID: 0}
  m_PrefabAsset: {fileID: 0}
  serializedVersion: 6
  m_Component:
  - component: {fileID: 4878001071244253737}
  m_Layer: 0
  m_Name: FirstPosition
  m_TagString: Untagged
  m_Icon: {fileID: 0}
  m_NavMeshLayer: 0
  m_StaticEditorFlags: 0
  m_IsActive: 1
--- !u!4 &4878001071244253737
Transform:
  m_ObjectHideFlags: 0
  m_CorrespondingSourceObject: {fileID: 0}
  m_PrefabInstance: {fileID: 0}
  m_PrefabAsset: {fileID: 0}
  m_GameObject: {fileID: 4878001071244253736}
  m_LocalRotation: {x: 0, y: 0, z: 0, w: 1}
  m_LocalPosition: {x: 0, y: 0, z: 0}
  m_LocalScale: {x: 1, y: 1, z: 1}
  m_Children: []
  m_Father: {fileID: 4915852012544667820}
  m_RootOrder: 3
  m_LocalEulerAnglesHint: {x: 0, y: 0, z: 0}
--- !u!54 &4878001071867320190
Rigidbody:
  m_ObjectHideFlags: 0
  m_CorrespondingSourceObject: {fileID: 0}
  m_PrefabInstance: {fileID: 0}
  m_PrefabAsset: {fileID: 0}
  m_GameObject: {fileID: 5725005247369013782}
  serializedVersion: 2
  m_Mass: 1
  m_Drag: 0
  m_AngularDrag: 0.05
  m_UseGravity: 1
  m_IsKinematic: 0
  m_Interpolate: 0
  m_Constraints: 0
  m_CollisionDetection: 0
--- !u!136 &4878001071867320189
CapsuleCollider:
  m_ObjectHideFlags: 0
  m_CorrespondingSourceObject: {fileID: 0}
  m_PrefabInstance: {fileID: 0}
  m_PrefabAsset: {fileID: 0}
  m_GameObject: {fileID: 5725005247369013782}
  m_Material: {fileID: 0}
  m_IsTrigger: 0
  m_Enabled: 1
  m_Radius: 0.5
  m_Height: 2
  m_Direction: 1
  m_Center: {x: 0, y: 1, z: 0}
--- !u!114 &4878001071589208190
MonoBehaviour:
  m_ObjectHideFlags: 0
  m_CorrespondingSourceObject: {fileID: 0}
  m_PrefabInstance: {fileID: 0}
  m_PrefabAsset: {fileID: 0}
  m_GameObject: {fileID: 5725005247369013782}
  m_Enabled: 1
  m_EditorHideFlags: 0
  m_Script: {fileID: 11500000, guid: 089084a1bf54fba4e9163738f7dad5f1, type: 3}
  m_Name: 
  m_EditorClassIdentifier: 
  walkSpeedRate: 1
--- !u!114 &4878001071589208191
MonoBehaviour:
  m_ObjectHideFlags: 0
  m_CorrespondingSourceObject: {fileID: 0}
  m_PrefabInstance: {fileID: 0}
  m_PrefabAsset: {fileID: 0}
  m_GameObject: {fileID: 5725005247369013782}
  m_Enabled: 1
  m_EditorHideFlags: 0
  m_Script: {fileID: 11500000, guid: eedef3862ad33e141b35110c43dc0648, type: 3}
  m_Name: 
  m_EditorClassIdentifier: 
  m_MovingTurnSpeed: 120
  m_StationaryTurnSpeed: 60
  m_JumpPower: 12
  m_GravityMultiplier: 2
  speed: 10
  m_RunCycleLegOffset: 0.2
  m_MoveSpeedMultiplier: 1
  m_AnimSpeedMultiplier: 1
  m_GroundCheckDistance: 0.2
  jumpForce: 280
  center: {fileID: 1864017003336469333}
  head: {fileID: 1320697818429006383}
  isCoolTime: 0
  countIntoVoid: 2
  voidTime: 10
  coolTime: 15
  transparentAlfa: 0.2
  alfaSpeed: 2
  surface: {fileID: 1650164796185436860}
  joints: {fileID: 8560124103121862811}
  m_Surface:
  - {fileID: 2100000, guid: 657663e03bd3e864e9beb94b0ee7fd7b, type: 2}
  - {fileID: 2100000, guid: c98e9a9862fdc5c46ac6eb9ddc87e0cb, type: 2}
  m_Joints:
  - {fileID: 2100000, guid: b930fe3c01757a2498f903923a3f2b55, type: 2}
  - {fileID: 2100000, guid: 2268263bbbc99cf41adb8b14f8651f94, type: 2}
  decelerateSpeedRate: 0.3
  voidRunSpeedRate: 2
--- !u!1 &4878001071524426976
GameObject:
  m_ObjectHideFlags: 0
  m_CorrespondingSourceObject: {fileID: 0}
  m_PrefabInstance: {fileID: 0}
  m_PrefabAsset: {fileID: 0}
  serializedVersion: 6
  m_Component:
  - component: {fileID: 4878001071524426977}
  - component: {fileID: 4878001071524426908}
  - component: {fileID: 4878001071524426979}
  - component: {fileID: 4878001071524426978}
  - component: {fileID: 4878001071524426909}
  m_Layer: 0
  m_Name: Main Camera
  m_TagString: MainCamera
  m_Icon: {fileID: 0}
  m_NavMeshLayer: 0
  m_StaticEditorFlags: 0
  m_IsActive: 1
--- !u!4 &4878001071524426977
Transform:
  m_ObjectHideFlags: 0
  m_CorrespondingSourceObject: {fileID: 0}
  m_PrefabInstance: {fileID: 0}
  m_PrefabAsset: {fileID: 0}
  m_GameObject: {fileID: 4878001071524426976}
  m_LocalRotation: {x: -0, y: 0.9732391, z: -0.229795, w: 0}
  m_LocalPosition: {x: 0, y: 2.02, z: 1.9}
  m_LocalScale: {x: 1, y: 1, z: 1}
  m_Children: []
  m_Father: {fileID: 4878001072536672657}
  m_RootOrder: 0
  m_LocalEulerAnglesHint: {x: 26.570002, y: 180, z: 0}
--- !u!20 &4878001071524426908
Camera:
  m_ObjectHideFlags: 0
  m_CorrespondingSourceObject: {fileID: 0}
  m_PrefabInstance: {fileID: 0}
  m_PrefabAsset: {fileID: 0}
  m_GameObject: {fileID: 4878001071524426976}
  m_Enabled: 1
  serializedVersion: 2
  m_ClearFlags: 1
  m_BackGroundColor: {r: 0.19215687, g: 0.3019608, b: 0.4745098, a: 0}
  m_projectionMatrixMode: 1
  m_GateFitMode: 2
  m_FOVAxisMode: 0
  m_SensorSize: {x: 36, y: 24}
  m_LensShift: {x: 0, y: 0}
  m_FocalLength: 50
  m_NormalizedViewPortRect:
    serializedVersion: 2
    x: 0
    y: 0
    width: 1
    height: 1
  near clip plane: 0.3
  far clip plane: 1000
  field of view: 60
  orthographic: 0
  orthographic size: 5
  m_Depth: -1
  m_CullingMask:
    serializedVersion: 2
    m_Bits: 4294967295
  m_RenderingPath: -1
  m_TargetTexture: {fileID: 0}
  m_TargetDisplay: 0
  m_TargetEye: 3
  m_HDR: 1
  m_AllowMSAA: 1
  m_AllowDynamicResolution: 0
  m_ForceIntoRT: 0
  m_OcclusionCulling: 1
  m_StereoConvergence: 10
  m_StereoSeparation: 0.022
--- !u!81 &4878001071524426979
AudioListener:
  m_ObjectHideFlags: 0
  m_CorrespondingSourceObject: {fileID: 0}
  m_PrefabInstance: {fileID: 0}
  m_PrefabAsset: {fileID: 0}
  m_GameObject: {fileID: 4878001071524426976}
  m_Enabled: 1
--- !u!114 &4878001071524426978
MonoBehaviour:
  m_ObjectHideFlags: 0
  m_CorrespondingSourceObject: {fileID: 0}
  m_PrefabInstance: {fileID: 0}
  m_PrefabAsset: {fileID: 0}
  m_GameObject: {fileID: 4878001071524426976}
  m_Enabled: 0
  m_EditorHideFlags: 0
  m_Script: {fileID: 11500000, guid: f76806479d916a64aa03f8e3eba7912f, type: 3}
  m_Name: 
  m_EditorClassIdentifier: 
  target: {fileID: 0}
  distance: 2.75
  height: 2.5
  rotationDamping: 0
  heightDamping: 0
--- !u!114 &4878001071524426909
MonoBehaviour:
  m_ObjectHideFlags: 0
  m_CorrespondingSourceObject: {fileID: 0}
  m_PrefabInstance: {fileID: 0}
  m_PrefabAsset: {fileID: 0}
  m_GameObject: {fileID: 4878001071524426976}
  m_Enabled: 1
  m_EditorHideFlags: 0
  m_Script: {fileID: 11500000, guid: b62dc63ef23a2544d878fcbf263f98cb, type: 3}
  m_Name: 
  m_EditorClassIdentifier: 
  center: {fileID: 4878001072536672657}
  rotateSpeed: 1
  firstPositionTransform: {fileID: 4878001071244253737}
  resetRotateSpeed: 5
  maxAngleX: 30
--- !u!1 &4878001072536672656
GameObject:
  m_ObjectHideFlags: 0
  m_CorrespondingSourceObject: {fileID: 0}
  m_PrefabInstance: {fileID: 0}
  m_PrefabAsset: {fileID: 0}
  serializedVersion: 6
  m_Component:
  - component: {fileID: 4878001072536672657}
  - component: {fileID: 4878001072536672658}
  m_Layer: 0
  m_Name: CameraArm
  m_TagString: Untagged
  m_Icon: {fileID: 0}
  m_NavMeshLayer: 0
  m_StaticEditorFlags: 0
  m_IsActive: 1
--- !u!4 &4878001072536672657
Transform:
  m_ObjectHideFlags: 0
  m_CorrespondingSourceObject: {fileID: 0}
  m_PrefabInstance: {fileID: 0}
  m_PrefabAsset: {fileID: 0}
  m_GameObject: {fileID: 4878001072536672656}
  m_LocalRotation: {x: 0, y: 0, z: 0, w: 1}
  m_LocalPosition: {x: 0, y: 0, z: 0}
  m_LocalScale: {x: 1, y: 1, z: 1}
  m_Children:
  - {fileID: 4878001071524426977}
  m_Father: {fileID: 4878001072605973516}
  m_RootOrder: 1
  m_LocalEulerAnglesHint: {x: 0, y: 0, z: 0}
--- !u!114 &4878001072536672658
MonoBehaviour:
  m_ObjectHideFlags: 0
  m_CorrespondingSourceObject: {fileID: 0}
  m_PrefabInstance: {fileID: 0}
  m_PrefabAsset: {fileID: 0}
  m_GameObject: {fileID: 4878001072536672656}
  m_Enabled: 1
  m_EditorHideFlags: 0
  m_Script: {fileID: 11500000, guid: 50e359ebcd2cd6a41b45068108c92a88, type: 3}
  m_Name: 
  m_EditorClassIdentifier: 
  target: {fileID: 4915852012544667820}
--- !u!1 &4878001072605973523
GameObject:
  m_ObjectHideFlags: 0
  m_CorrespondingSourceObject: {fileID: 0}
  m_PrefabInstance: {fileID: 0}
  m_PrefabAsset: {fileID: 0}
  serializedVersion: 6
  m_Component:
  - component: {fileID: 4878001072605973516}
  m_Layer: 0
  m_Name: Player04
  m_TagString: Untagged
  m_Icon: {fileID: 0}
  m_NavMeshLayer: 0
  m_StaticEditorFlags: 0
  m_IsActive: 1
--- !u!4 &4878001072605973516
Transform:
  m_ObjectHideFlags: 0
  m_CorrespondingSourceObject: {fileID: 0}
  m_PrefabInstance: {fileID: 0}
  m_PrefabAsset: {fileID: 0}
  m_GameObject: {fileID: 4878001072605973523}
  m_LocalRotation: {x: 0, y: 0, z: 0, w: 1}
  m_LocalPosition: {x: 0, y: 0, z: 0}
  m_LocalScale: {x: 1, y: 1, z: 1}
  m_Children:
  - {fileID: 4915852012544667820}
  - {fileID: 4878001072536672657}
  m_Father: {fileID: 0}
  m_RootOrder: 0
  m_LocalEulerAnglesHint: {x: 0, y: 0, z: 0}
--- !u!1001 &4878001071867320135
PrefabInstance:
  m_ObjectHideFlags: 0
  serializedVersion: 2
  m_Modification:
    m_TransformParent: {fileID: 4878001072605973516}
    m_Modifications:
    - target: {fileID: -8679921383154817045, guid: 926834c395d36834f8d1cf582eddb96d,
        type: 3}
      propertyPath: m_LocalPosition.x
      value: 0
      objectReference: {fileID: 0}
    - target: {fileID: -8679921383154817045, guid: 926834c395d36834f8d1cf582eddb96d,
        type: 3}
      propertyPath: m_LocalPosition.y
      value: 0
      objectReference: {fileID: 0}
    - target: {fileID: -8679921383154817045, guid: 926834c395d36834f8d1cf582eddb96d,
        type: 3}
      propertyPath: m_LocalPosition.z
      value: 0
      objectReference: {fileID: 0}
    - target: {fileID: -8679921383154817045, guid: 926834c395d36834f8d1cf582eddb96d,
        type: 3}
      propertyPath: m_LocalRotation.x
      value: -0
      objectReference: {fileID: 0}
    - target: {fileID: -8679921383154817045, guid: 926834c395d36834f8d1cf582eddb96d,
        type: 3}
      propertyPath: m_LocalRotation.y
      value: 1
      objectReference: {fileID: 0}
    - target: {fileID: -8679921383154817045, guid: 926834c395d36834f8d1cf582eddb96d,
        type: 3}
      propertyPath: m_LocalRotation.z
      value: -0
      objectReference: {fileID: 0}
    - target: {fileID: -8679921383154817045, guid: 926834c395d36834f8d1cf582eddb96d,
        type: 3}
      propertyPath: m_LocalRotation.w
      value: 0
      objectReference: {fileID: 0}
    - target: {fileID: -8679921383154817045, guid: 926834c395d36834f8d1cf582eddb96d,
        type: 3}
      propertyPath: m_RootOrder
      value: 0
      objectReference: {fileID: 0}
    - target: {fileID: -8679921383154817045, guid: 926834c395d36834f8d1cf582eddb96d,
        type: 3}
      propertyPath: m_LocalEulerAnglesHint.x
      value: 0
      objectReference: {fileID: 0}
    - target: {fileID: -8679921383154817045, guid: 926834c395d36834f8d1cf582eddb96d,
        type: 3}
      propertyPath: m_LocalEulerAnglesHint.y
      value: 180
      objectReference: {fileID: 0}
    - target: {fileID: -8679921383154817045, guid: 926834c395d36834f8d1cf582eddb96d,
        type: 3}
      propertyPath: m_LocalEulerAnglesHint.z
      value: 0
      objectReference: {fileID: 0}
    - target: {fileID: 919132149155446097, guid: 926834c395d36834f8d1cf582eddb96d,
        type: 3}
      propertyPath: m_Name
      value: xbot@Look Around
      objectReference: {fileID: 0}
    - target: {fileID: 919132149155446097, guid: 926834c395d36834f8d1cf582eddb96d,
        type: 3}
      propertyPath: m_TagString
      value: Player
      objectReference: {fileID: 0}
    - target: {fileID: 3853268898807207900, guid: 926834c395d36834f8d1cf582eddb96d,
        type: 3}
      propertyPath: m_Materials.Array.data[0]
      value: 
      objectReference: {fileID: 2100000, guid: b930fe3c01757a2498f903923a3f2b55, type: 2}
    - target: {fileID: 3853268898807207900, guid: 926834c395d36834f8d1cf582eddb96d,
        type: 3}
      propertyPath: m_DynamicOccludee
      value: 1
      objectReference: {fileID: 0}
    - target: {fileID: 5465940246521907071, guid: 926834c395d36834f8d1cf582eddb96d,
        type: 3}
      propertyPath: m_LocalRotation.x
      value: -0.018562403
      objectReference: {fileID: 0}
    - target: {fileID: 5465940246521907071, guid: 926834c395d36834f8d1cf582eddb96d,
        type: 3}
      propertyPath: m_LocalRotation.z
      value: 0.027397428
      objectReference: {fileID: 0}
    - target: {fileID: 5866666021909216657, guid: 926834c395d36834f8d1cf582eddb96d,
        type: 3}
      propertyPath: m_Controller
      value: 
      objectReference: {fileID: 9100000, guid: cfcf58efa46232c43ae9ce4e69f1f60b, type: 2}
    - target: {fileID: 5866666021909216657, guid: 926834c395d36834f8d1cf582eddb96d,
        type: 3}
      propertyPath: m_ApplyRootMotion
      value: 0
      objectReference: {fileID: 0}
    - target: {fileID: 6148737315974723067, guid: 926834c395d36834f8d1cf582eddb96d,
        type: 3}
      propertyPath: m_Materials.Array.data[0]
      value: 
      objectReference: {fileID: 2100000, guid: 657663e03bd3e864e9beb94b0ee7fd7b, type: 2}
    m_RemovedComponents: []
  m_SourcePrefab: {fileID: 100100000, guid: 926834c395d36834f8d1cf582eddb96d, type: 3}
--- !u!1 &5725005247369013782 stripped
GameObject:
  m_CorrespondingSourceObject: {fileID: 919132149155446097, guid: 926834c395d36834f8d1cf582eddb96d,
    type: 3}
  m_PrefabInstance: {fileID: 4878001071867320135}
  m_PrefabAsset: {fileID: 0}
--- !u!4 &4915852012544667820 stripped
Transform:
  m_CorrespondingSourceObject: {fileID: -8679921383154817045, guid: 926834c395d36834f8d1cf582eddb96d,
    type: 3}
  m_PrefabInstance: {fileID: 4878001071867320135}
  m_PrefabAsset: {fileID: 0}
--- !u!137 &8560124103121862811 stripped
SkinnedMeshRenderer:
  m_CorrespondingSourceObject: {fileID: 3853268898807207900, guid: 926834c395d36834f8d1cf582eddb96d,
    type: 3}
  m_PrefabInstance: {fileID: 4878001071867320135}
  m_PrefabAsset: {fileID: 0}
--- !u!137 &1650164796185436860 stripped
SkinnedMeshRenderer:
  m_CorrespondingSourceObject: {fileID: 6148737315974723067, guid: 926834c395d36834f8d1cf582eddb96d,
    type: 3}
  m_PrefabInstance: {fileID: 4878001071867320135}
  m_PrefabAsset: {fileID: 0}
--- !u!4 &1864017003336469333 stripped
Transform:
  m_CorrespondingSourceObject: {fileID: 6515712193588681746, guid: 926834c395d36834f8d1cf582eddb96d,
    type: 3}
  m_PrefabInstance: {fileID: 4878001071867320135}
  m_PrefabAsset: {fileID: 0}
--- !u!4 &1320697818429006383 stripped
Transform:
  m_CorrespondingSourceObject: {fileID: -3321919801592875672, guid: 926834c395d36834f8d1cf582eddb96d,
    type: 3}
  m_PrefabInstance: {fileID: 4878001071867320135}
  m_PrefabAsset: {fileID: 0}
